<?xml version="1.0" encoding="UTF-8"?>
<!DOCTYPE html PUBLIC "-//W3C//DTD XHTML 1.0 Transitional//EN"
    "http://www.w3.org/TR/xhtml1/DTD/xhtml1-transitional.dtd">
<html xmlns="http://www.w3.org/1999/xhtml" xml:lang="en" lang="en">
 <head>
  <title>
</title>
<meta http-equiv="Content-Type" content="text/html;charset=utf-8" />
  <meta name='ocr-system' content='tesseract 3.04.00' />
  <meta name='ocr-capabilities' content='ocr_page ocr_carea ocr_par ocr_line ocrx_word'/>
</head>
<body>
  <div class='ocr_page' id='page_1' title='image "./MN40043ucmf_1_0056.png"; bbox 0 0 1936 3053; ppageno 0'>
   <div class='ocr_carea' id='block_1_1' title="bbox 422 112 602 152">
    <p class='ocr_par' dir='ltr' id='par_1_1' title="bbox 422 112 602 152">
     <span class='ocr_line' id='line_1_1' title="bbox 422 112 602 152; baseline 0 -2"><span class='ocrx_word' id='word_1_1' title='bbox 422 113 447 151; x_wconf 89' lang='lat' dir='ltr'>A.</span> <span class='ocrx_word' id='word_1_2' title='bbox 461 112 602 152; x_wconf 89' lang='lat' dir='ltr'>F.WOLFI</span> 
     </span>
    </p>
   </div>
   <div class='ocr_carea' id='block_1_2' title="bbox 484 268 540 306">
    <p class='ocr_par' dir='ltr' id='par_1_2' title="bbox 484 268 540 306">
     <span class='ocr_line' id='line_1_2' title="bbox 484 268 540 306; baseline -0.018 0"><span class='ocrx_word' id='word_1_3' title='bbox 484 268 540 306; x_wconf 90' lang='lat' dir='ltr'>XIV.</span> 
     </span>
    </p>
   </div>
   <div class='ocr_carea' id='block_1_3' title="bbox 182 345 870 404">
    <p class='ocr_par' dir='ltr' id='par_1_3' title="bbox 182 345 870 404">
     <span class='ocr_line' id='line_1_3' title="bbox 182 345 870 404; baseline 0.001 -16"><span class='ocrx_word' id='word_1_4' title='bbox 182 351 304 389; x_wconf 87' lang='lat' dir='ltr'>Clamcribus</span> <span class='ocrx_word' id='word_1_5' title='bbox 313 364 385 403; x_wconf 83' lang='lat' dir='ltr'>pugnae</span> <span class='ocrx_word' id='word_1_6' title='bbox 395 345 498 391; x_wconf 84' lang='lat' dir='ltr'>exterritus</span> <span class='ocrx_word' id='word_1_7' title='bbox 505 353 579 391; x_wconf 90' lang='lat' dir='ltr'>Nestor</span> <span class='ocrx_word' id='word_1_8' title='bbox 587 352 685 404; x_wconf 87' lang='lat' dir='ltr'>egreditur</span> <span class='ocrx_word' id='word_1_9' title='bbox 695 351 818 390; x_wconf 90' lang='lat' dir='ltr'>tabernaculo</span> <span class='ocrx_word' id='word_1_10' title='bbox 829 365 870 396; x_wconf 92' lang='lat' dir='ltr'>suo,</span> 
     </span>
    </p>
   </div>
   <div class='ocr_carea' id='block_1_4' title="bbox 153 418 871 1604">
    <p class='ocr_par' dir='ltr' id='par_1_4' title="bbox 153 418 871 1604">
     <span class='ocr_line' id='line_1_4' title="bbox 154 418 871 470; baseline 0.001 -15"><span class='ocrx_word' id='word_1_11' title='bbox 154 418 173 455; x_wconf 94' lang='lat' dir='ltr'>in</span> <span class='ocrx_word' id='word_1_12' title='bbox 184 432 222 468; x_wconf 88' lang='lat' dir='ltr'>quo</span> <span class='ocrx_word' id='word_1_13' title='bbox 232 419 295 457; x_wconf 88' lang='lat' dir='ltr'>adhuc</span> <span class='ocrx_word' id='word_1_14' title='bbox 304 420 435 457; x_wconf 83' lang='lat' dir='ltr'>Machaonem</span> <span class='ocrx_word' id='word_1_15' title='bbox 448 421 553 463; x_wconf 83' lang='lat' dir='ltr'>recreabat,</span> <span class='ocrx_word' id='word_1_16' title='bbox 564 427 586 457; x_wconf 95' lang='lat' dir='ltr'>ut</span> <span class='ocrx_word' id='word_1_17' title='bbox 596 433 633 470; x_wconf 89' lang='lat' dir='ltr'>quo</span> <span class='ocrx_word' id='word_1_18' title='bbox 647 433 677 457; x_wconf 90' lang='lat' dir='ltr'>res</span> <span class='ocrx_word' id='word_1_19' title='bbox 689 420 731 457; x_wconf 92' lang='lat' dir='ltr'>loco</span> <span class='ocrx_word' id='word_1_20' title='bbox 745 419 770 457; x_wconf 91' lang='lat' dir='ltr'>sit</span> <span class='ocrx_word' id='word_1_21' title='bbox 783 419 871 469; x_wconf 81' lang='lat' dir='ltr'><strong>exploret</strong></span> 
     </span>
     <span class='ocr_line' id='line_1_5' title="bbox 156 485 870 537; baseline 0.001 -15"><span class='ocrx_word' id='word_1_22' title='bbox 156 486 250 535; x_wconf 79' lang='lat'>(1-26).</span> <span class='ocrx_word' id='word_1_23' title='bbox 285 486 368 524; x_wconf 90' lang='lat' dir='ltr'>Obviam</span> <span class='ocrx_word' id='word_1_24' title='bbox 386 487 403 524; x_wconf 90' lang='lat' dir='ltr'>ei</span> <span class='ocrx_word' id='word_1_25' title='bbox 418 487 498 525; x_wconf 90' lang='lat' dir='ltr'>veniunt</span> <span class='ocrx_word' id='word_1_26' title='bbox 514 501 538 525; x_wconf 83' lang='lat' dir='ltr'>ex</span> <span class='ocrx_word' id='word_1_27' title='bbox 556 487 666 525; x_wconf 88' lang='lat' dir='ltr'>vulneribus</span> <span class='ocrx_word' id='word_1_28' title='bbox 682 487 729 537; x_wconf 83' lang='lat' dir='ltr'>aegri</span> <span class='ocrx_word' id='word_1_29' title='bbox 746 485 870 537; x_wconf 79' lang='lat' dir='ltr'>Agamemno</span> 
     </span>
     <span class='ocr_line' id='line_1_6' title="bbox 155 552 871 603; baseline -0.001 -13"><span class='ocrx_word' id='word_1_30' title='bbox 155 552 237 602; x_wconf 85' lang='lat' dir='ltr'>Ulysses</span> <span class='ocrx_word' id='word_1_31' title='bbox 250 558 269 591; x_wconf 87' lang='lat' dir='ltr'>et</span> <span class='ocrx_word' id='word_1_32' title='bbox 282 553 393 597; x_wconf 83' lang='lat' dir='ltr'>Diomedes,</span> <span class='ocrx_word' id='word_1_33' title='bbox 409 554 476 591; x_wconf 89' lang='lat' dir='ltr'>eadem</span> <span class='ocrx_word' id='word_1_34' title='bbox 491 554 515 591; x_wconf 91' lang='lat' dir='ltr'>de</span> <span class='ocrx_word' id='word_1_35' title='bbox 529 567 597 591; x_wconf 78' lang='lat' dir='ltr'>caussa</span> <span class='ocrx_word' id='word_1_36' title='bbox 611 553 720 603; x_wconf 85' lang='lat' dir='ltr'>progressi;</span> <span class='ocrx_word' id='word_1_37' title='bbox 738 565 819 602; x_wconf 90' lang='lat' dir='ltr'>quorum</span> <span class='ocrx_word' id='word_1_38' title='bbox 832 552 871 603; x_wconf 93' lang='lat' dir='ltr'>pri-</span> 
     </span>
     <span class='ocr_line' id='line_1_7' title="bbox 154 620 871 671; baseline 0.001 -14"><span class='ocrx_word' id='word_1_39' title='bbox 154 633 198 657; x_wconf 91' lang='lat' dir='ltr'>mus</span> <span class='ocrx_word' id='word_1_40' title='bbox 212 621 236 658; x_wconf 93' lang='lat' dir='ltr'>de</span> <span class='ocrx_word' id='word_1_41' title='bbox 250 621 296 659; x_wconf 89' lang='lat' dir='ltr'>belli</span> <span class='ocrx_word' id='word_1_42' title='bbox 308 621 361 659; x_wconf 87' lang='lat' dir='ltr'>exitu</span> <span class='ocrx_word' id='word_1_43' title='bbox 375 622 449 671; x_wconf 81' lang='lat' dir='ltr'>pridem</span> <span class='ocrx_word' id='word_1_44' title='bbox 463 622 531 659; x_wconf 83' lang='lat' dir='ltr'>anxius</span> <span class='ocrx_word' id='word_1_45' title='bbox 546 634 597 659; x_wconf 89' lang='lat' dir='ltr'>nunc</span> <span class='ocrx_word' id='word_1_46' title='bbox 608 622 680 659; x_wconf 85' lang='lat' dir='ltr'>vallum</span> <span class='ocrx_word' id='word_1_47' title='bbox 694 626 795 671; x_wconf 82' lang='lat' dir='ltr'>prorutum</span> <span class='ocrx_word' id='word_1_48' title='bbox 805 620 871 658; x_wconf 84' lang='lat' dir='ltr'>videns</span> 
     </span>
     <span class='ocr_line' id='line_1_8' title="bbox 154 687 870 739; baseline 0.001 -15"><span class='ocrx_word' id='word_1_49' title='bbox 154 700 221 725; x_wconf 87' lang='lat' dir='ltr'>rursus</span> <span class='ocrx_word' id='word_1_50' title='bbox 230 688 296 738; x_wconf 86' lang='lat' dir='ltr'>fugam</span> <span class='ocrx_word' id='word_1_51' title='bbox 306 688 410 726; x_wconf 81' lang='lat' dir='ltr'>meditatur</span> <span class='ocrx_word' id='word_1_52' title='bbox 417 687 524 739; x_wconf 75' lang='lat'>(27—81).</span> <span class='ocrx_word' id='word_1_53' title='bbox 545 687 591 726; x_wconf 92' lang='lat' dir='ltr'>Hoc</span> <span class='ocrx_word' id='word_1_54' title='bbox 599 688 699 725; x_wconf 91' lang='lat' dir='ltr'>consilium</span> <span class='ocrx_word' id='word_1_55' title='bbox 709 687 805 737; x_wconf 89' lang='lat' dir='ltr'>improbat</span> <span class='ocrx_word' id='word_1_56' title='bbox 814 687 870 737; x_wconf 86' lang='lat' dir='ltr'>Ulys-</span> 
     </span>
     <span class='ocr_line' id='line_1_9' title="bbox 155 754 871 805; baseline 0 -13"><span class='ocrx_word' id='word_1_57' title='bbox 155 767 193 798; x_wconf 85' lang='lat' dir='ltr'>ses‚</span> <span class='ocrx_word' id='word_1_58' title='bbox 204 754 311 793; x_wconf 82' lang='lat' dir='ltr'>Diomedes</span> <span class='ocrx_word' id='word_1_59' title='bbox 325 760 390 792; x_wconf 92' lang='lat' dir='ltr'>autem</span> <span class='ocrx_word' id='word_1_60' title='bbox 404 755 507 805; x_wconf 79' lang='lat' dir='ltr'>persuadet</span> <span class='ocrx_word' id='word_1_61' title='bbox 522 755 611 792; x_wconf 89' lang='lat' dir='ltr'>onmibus</span> <span class='ocrx_word' id='word_1_62' title='bbox 624 761 646 792; x_wconf 92' lang='lat' dir='ltr'>ut</span> <span class='ocrx_word' id='word_1_63' title='bbox 658 755 679 792; x_wconf 90' lang='lat' dir='ltr'>in</span> <span class='ocrx_word' id='word_1_64' title='bbox 690 754 777 804; x_wconf 87' lang='lat' dir='ltr'>proelium</span> <span class='ocrx_word' id='word_1_65' title='bbox 791 754 871 792; x_wconf 82' lang='lat' dir='ltr'>redeant</span> 
     </span>
     <span class='ocr_line' id='line_1_10' title="bbox 155 821 871 872; baseline 0.001 -14"><span class='ocrx_word' id='word_1_66' title='bbox 155 834 238 872; x_wconf 90' lang='lat' dir='ltr'>suosque</span> <span class='ocrx_word' id='word_1_67' title='bbox 252 822 355 872; x_wconf 86' lang='lat' dir='ltr'>praesentia</span> <span class='ocrx_word' id='word_1_68' title='bbox 369 827 420 859; x_wconf 91' lang='lat' dir='ltr'>certe</span> <span class='ocrx_word' id='word_1_69' title='bbox 435 827 492 871; x_wconf 90' lang='lat' dir='ltr'>atque</span> <span class='ocrx_word' id='word_1_70' title='bbox 506 821 585 859; x_wconf 86' lang='lat' dir='ltr'>hortatu</span> <span class='ocrx_word' id='word_1_71' title='bbox 600 822 704 872; x_wconf 83' lang='lat' dir='ltr'>adjuvent:</span> <span class='ocrx_word' id='word_1_72' title='bbox 722 822 778 859; x_wconf 92' lang='lat' dir='ltr'>simul</span> <span class='ocrx_word' id='word_1_73' title='bbox 793 826 871 859; x_wconf 91' lang='lat' dir='ltr'>euntem</span> 
     </span>
     <span class='ocr_line' id='line_1_11' title="bbox 155 888 871 939; baseline 0 -13"><span class='ocrx_word' id='word_1_74' title='bbox 155 888 323 939; x_wconf 86' lang='lat' dir='ltr'>Agamemnonem</span> <span class='ocrx_word' id='word_1_75' title='bbox 338 889 412 926; x_wconf 90' lang='lat' dir='ltr'>solatur</span> <span class='ocrx_word' id='word_1_76' title='bbox 423 894 443 926; x_wconf 91' lang='lat' dir='ltr'>et</span> <span class='ocrx_word' id='word_1_77' title='bbox 456 889 561 926; x_wconf 81' lang='lat' dir='ltr'>exercitum</span> <span class='ocrx_word' id='word_1_78' title='bbox 576 889 678 926; x_wconf 89' lang='lat' dir='ltr'>confirmat</span> <span class='ocrx_word' id='word_1_79' title='bbox 690 889 794 939; x_wconf 79' lang='lat' dir='ltr'>Neptunus</span> <span class='ocrx_word' id='word_1_80' title='bbox 807 888 871 938; x_wconf 79' lang='lat'>(82-</span> 
     </span>
     <span class='ocr_line' id='line_1_12' title="bbox 157 956 870 1008; baseline 0.001 -14"><span class='ocrx_word' id='word_1_81' title='bbox 157 958 213 1008; x_wconf 70' lang='grc'>152).</span> <span class='ocrx_word' id='word_1_82' title='bbox 243 957 321 994; x_wconf 79' lang='lat' dir='ltr'>Interea</span> <span class='ocrx_word' id='word_1_83' title='bbox 330 956 388 999; x_wconf 76' lang='lat' dir='ltr'>Iuno,</span> <span class='ocrx_word' id='word_1_84' title='bbox 399 962 422 994; x_wconf 91' lang='lat' dir='ltr'>ut</span> <span class='ocrx_word' id='word_1_85' title='bbox 431 956 552 994; x_wconf 89' lang='lat' dir='ltr'>Achivorum</span> <span class='ocrx_word' id='word_1_86' title='bbox 564 957 650 995; x_wconf 90' lang='lat' dir='ltr'>laborem</span> <span class='ocrx_word' id='word_1_87' title='bbox 662 957 755 1000; x_wconf 81' lang='lat' dir='ltr'>sublevet,</span> <span class='ocrx_word' id='word_1_88' title='bbox 768 963 824 1005; x_wconf 86' lang='lat' dir='ltr'>ornat</span> <span class='ocrx_word' id='word_1_89' title='bbox 836 970 870 1007; x_wconf 90' lang='lat' dir='ltr'>pa-</span> 
     </span>
     <span class='ocr_line' id='line_1_13' title="bbox 155 1023 870 1073; baseline -0.001 -12"><span class='ocrx_word' id='word_1_90' title='bbox 155 1029 223 1073; x_wconf 86' lang='lat' dir='ltr'>ratque</span> <span class='ocrx_word' id='word_1_91' title='bbox 236 1036 256 1061; x_wconf 91' lang='lat' dir='ltr'>se</span> <span class='ocrx_word' id='word_1_92' title='bbox 267 1024 291 1061; x_wconf 86' lang='lat' dir='ltr'>ad</span> <span class='ocrx_word' id='word_1_93' title='bbox 300 1024 369 1061; x_wconf 81' lang='lat' dir='ltr'>Jovem</span> <span class='ocrx_word' id='word_1_94' title='bbox 379 1024 399 1060; x_wconf 90' lang='lat' dir='ltr'>in</span> <span class='ocrx_word' id='word_1_95' title='bbox 409 1023 445 1060; x_wconf 88' lang='lat' dir='ltr'>lda</span> <span class='ocrx_word' id='word_1_96' title='bbox 458 1024 531 1060; x_wconf 80' lang='lat' dir='ltr'>uxoriis</span> <span class='ocrx_word' id='word_1_97' title='bbox 543 1023 638 1061; x_wconf 76' lang='lat' dir='ltr'>illecebris</span> <span class='ocrx_word' id='word_1_98' title='bbox 651 1024 797 1067; x_wconf 76' lang='lat' dir='ltr'>deleniendum3</span> <span class='ocrx_word' id='word_1_99' title='bbox 813 1037 870 1073; x_wconf 91' lang='lat' dir='ltr'>quam</span> 
     </span>
     <span class='ocr_line' id='line_1_14' title="bbox 155 1089 870 1133; baseline 0 -6"><span class='ocrx_word' id='word_1_100' title='bbox 155 1090 233 1127; x_wconf 90' lang='lat' dir='ltr'>obrem</span> <span class='ocrx_word' id='word_1_101' title='bbox 246 1104 258 1128; x_wconf 93' lang='lat' dir='ltr'>a</span> <span class='ocrx_word' id='word_1_102' title='bbox 268 1091 344 1128; x_wconf 90' lang='lat' dir='ltr'>Venere</span> <span class='ocrx_word' id='word_1_103' title='bbox 359 1097 433 1128; x_wconf 90' lang='lat' dir='ltr'>cestum</span> <span class='ocrx_word' id='word_1_104' title='bbox 447 1095 552 1133; x_wconf 88' lang='lat' dir='ltr'>mutuatur,</span> <span class='ocrx_word' id='word_1_105' title='bbox 563 1096 583 1128; x_wconf 90' lang='lat' dir='ltr'>et</span> <span class='ocrx_word' id='word_1_106' title='bbox 597 1103 620 1128; x_wconf 80' lang='lat' dir='ltr'>ex</span> <span class='ocrx_word' id='word_1_107' title='bbox 632 1090 707 1128; x_wconf 89' lang='lat' dir='ltr'>Lemno</span> <span class='ocrx_word' id='word_1_108' title='bbox 722 1090 801 1128; x_wconf 75' lang='lat' dir='ltr'>arcessit</span> <span class='ocrx_word' id='word_1_109' title='bbox 813 1089 870 1128; x_wconf 83' lang='lat' dir='ltr'>Som-</span> 
     </span>
     <span class='ocr_line' id='line_1_15' title="bbox 154 1156 870 1207; baseline -0.001 -13"><span class='ocrx_word' id='word_1_110' title='bbox 154 1170 208 1200; x_wconf 89' lang='lat' dir='ltr'>num,</span> <span class='ocrx_word' id='word_1_111' title='bbox 219 1157 251 1206; x_wconf 93' lang='lat' dir='ltr'>qui</span> <span class='ocrx_word' id='word_1_112' title='bbox 265 1157 321 1194; x_wconf 90' lang='lat' dir='ltr'>deum</span> <span class='ocrx_word' id='word_1_113' title='bbox 334 1158 354 1194; x_wconf 93' lang='lat' dir='ltr'>in</span> <span class='ocrx_word' id='word_1_114' title='bbox 367 1169 456 1206; x_wconf 91' lang='lat' dir='ltr'>soporem</span> <span class='ocrx_word' id='word_1_115' title='bbox 470 1157 579 1194; x_wconf 85' lang='lat' dir='ltr'>committat</span> <span class='ocrx_word' id='word_1_116' title='bbox 589 1158 724 1207; x_wconf 81' lang='lat'>(153—351).</span> <span class='ocrx_word' id='word_1_117' title='bbox 754 1156 807 1194; x_wconf 86' lang='lat' dir='ltr'>Huic</span> <span class='ocrx_word' id='word_1_118' title='bbox 821 1163 870 1193; x_wconf 83' lang='lat' dir='ltr'>tern-</span> 
     </span>
     <span class='ocr_line' id='line_1_16' title="bbox 154 1223 870 1273; baseline -0.001 -13"><span class='ocrx_word' id='word_1_119' title='bbox 154 1223 197 1273; x_wconf 87' lang='lat' dir='ltr'>pori</span> <span class='ocrx_word' id='word_1_120' title='bbox 213 1223 313 1261; x_wconf 84' lang='lat' dir='ltr'>insidiatus</span> <span class='ocrx_word' id='word_1_121' title='bbox 332 1223 406 1262; x_wconf 85' lang='lat' dir='ltr'>Somno</span> <span class='ocrx_word' id='word_1_122' title='bbox 423 1228 501 1260; x_wconf 92' lang='lat' dir='ltr'>auctore</span> <span class='ocrx_word' id='word_1_123' title='bbox 518 1223 623 1272; x_wconf 86' lang='lat' dir='ltr'>Neptunus</span> <span class='ocrx_word' id='word_1_124' title='bbox 639 1223 736 1261; x_wconf 74' lang='lat' dir='ltr'>somonam</span> <span class='ocrx_word' id='word_1_125' title='bbox 752 1223 870 1261; x_wconf 83' lang='lat' dir='ltr'>Achivorum</span> 
     </span>
     <span class='ocr_line' id='line_1_17' title="bbox 153 1289 870 1340; baseline 0 -13"><span class='ocrx_word' id='word_1_126' title='bbox 153 1290 261 1339; x_wconf 80' lang='lat' dir='ltr'>promptius</span> <span class='ocrx_word' id='word_1_127' title='bbox 281 1290 391 1328; x_wconf 79' lang='lat' dir='ltr'>auxiliando</span> <span class='ocrx_word' id='word_1_128' title='bbox 408 1289 493 1327; x_wconf 86' lang='lat' dir='ltr'>restituit</span> <span class='ocrx_word' id='word_1_129' title='bbox 509 1290 641 1339; x_wconf 46' lang='lat' dir='ltr'>(wa-2401).</span> <span class='ocrx_word' id='word_1_130' title='bbox 677 1289 754 1327; x_wconf 87' lang='lat' dir='ltr'>Hector</span> <span class='ocrx_word' id='word_1_131' title='bbox 771 1290 795 1327; x_wconf 84' lang='lat' dir='ltr'>ab</span> <span class='ocrx_word' id='word_1_132' title='bbox 810 1290 870 1340; x_wconf 89' lang='lat' dir='ltr'>Ajace</span> 
     </span>
     <span class='ocr_line' id='line_1_18' title="bbox 153 1355 870 1405; baseline 0 -13"><span class='ocrx_word' id='word_1_133' title='bbox 153 1355 194 1392; x_wconf 91' lang='lat' dir='ltr'>ictu</span> <span class='ocrx_word' id='word_1_134' title='bbox 206 1355 274 1405; x_wconf 87' lang='lat' dir='ltr'>lapidis</span> <span class='ocrx_word' id='word_1_135' title='bbox 287 1368 389 1405; x_wconf 89' lang='lat' dir='ltr'>percussus</span> <span class='ocrx_word' id='word_1_136' title='bbox 399 1355 464 1392; x_wconf 88' lang='lat' dir='ltr'>deficit</span> <span class='ocrx_word' id='word_1_137' title='bbox 477 1355 541 1392; x_wconf 90' lang='lat' dir='ltr'>auimo</span> <span class='ocrx_word' id='word_1_138' title='bbox 552 1360 609 1404; x_wconf 88' lang='lat' dir='ltr'>atque</span> <span class='ocrx_word' id='word_1_139' title='bbox 619 1368 630 1392; x_wconf 83' lang='lat' dir='ltr'>a</span> <span class='ocrx_word' id='word_1_140' title='bbox 640 1355 696 1392; x_wconf 89' lang='lat' dir='ltr'>sociis</span> <span class='ocrx_word' id='word_1_141' title='bbox 710 1356 748 1393; x_wconf 88' lang='lat' dir='ltr'>suis</span> <span class='ocrx_word' id='word_1_142' title='bbox 762 1361 870 1405; x_wconf 85' lang='lat' dir='ltr'>asportatur</span> 
     </span>
     <span class='ocr_line' id='line_1_19' title="bbox 154 1422 871 1472; baseline -0.001 -13"><span class='ocrx_word' id='word_1_143' title='bbox 154 1427 269 1471; x_wconf 83' lang='lat' dir='ltr'>curatorque</span> <span class='ocrx_word' id='word_1_144' title='bbox 278 1424 412 1472; x_wconf 82' lang='lat'>(402—439).</span> <span class='ocrx_word' id='word_1_145' title='bbox 441 1422 484 1459; x_wconf 87' lang='lat' dir='ltr'>Jam</span> <span class='ocrx_word' id='word_1_146' title='bbox 495 1423 592 1459; x_wconf 85' lang='lat' dir='ltr'>renovatis</span> <span class='ocrx_word' id='word_1_147' title='bbox 602 1422 670 1460; x_wconf 85' lang='lat' dir='ltr'>animis</span> <span class='ocrx_word' id='word_1_148' title='bbox 679 1428 789 1472; x_wconf 83' lang='lat' dir='ltr'>pugnantes</span> <span class='ocrx_word' id='word_1_149' title='bbox 799 1422 871 1460; x_wconf 89' lang='lat' dir='ltr'>Achivi</span> 
     </span>
     <span class='ocr_line' id='line_1_20' title="bbox 153 1488 869 1539; baseline 0 -13"><span class='ocrx_word' id='word_1_150' title='bbox 153 1489 249 1538; x_wconf 81' lang='lat' dir='ltr'>Trojauos</span> <span class='ocrx_word' id='word_1_151' title='bbox 259 1502 270 1526; x_wconf 85' lang='lat' dir='ltr'>a</span> <span class='ocrx_word' id='word_1_152' title='bbox 279 1489 360 1526; x_wconf 73' lang='lat' dir='ltr'>nauibus</span> <span class='ocrx_word' id='word_1_153' title='bbox 370 1494 459 1526; x_wconf 81' lang='lat' dir='ltr'>avertunt</span> <span class='ocrx_word' id='word_1_154' title='bbox 470 1490 529 1538; x_wconf 86' lang='lat' dir='ltr'>Ajace</span> <span class='ocrx_word' id='word_1_155' title='bbox 542 1488 635 1538; x_wconf 85' lang='lat' dir='ltr'>imprimis</span> <span class='ocrx_word' id='word_1_156' title='bbox 649 1490 722 1526; x_wconf 89' lang='lat' dir='ltr'>minore</span> <span class='ocrx_word' id='word_1_157' title='bbox 735 1490 813 1539; x_wconf 84' lang='lat' dir='ltr'>fugatos</span> <span class='ocrx_word' id='word_1_158' title='bbox 826 1502 869 1538; x_wconf 92' lang='lat' dir='ltr'>per-</span> 
     </span>
     <span class='ocr_line' id='line_1_21' title="bbox 154 1556 392 1604; baseline 0 -12"><span class='ocrx_word' id='word_1_159' title='bbox 154 1560 247 1604; x_wconf 88' lang='lat' dir='ltr'>sequente</span> <span class='ocrx_word' id='word_1_160' title='bbox 258 1556 392 1604; x_wconf 79' lang='lat'>(440—522).</span> 
     </span>
    </p>
   </div>
   <div class='ocr_carea' id='block_1_5' title="bbox 490 1660 534 1697">
    <p class='ocr_par' dir='ltr' id='par_1_5' title="bbox 490 1660 534 1697">
     <span class='ocr_line' id='line_1_22' title="bbox 490 1660 534 1697; baseline -0.023 0"><span class='ocrx_word' id='word_1_161' title='bbox 490 1660 534 1697; x_wconf 78' lang='lat' dir='ltr'>Xu</span> 
     </span>
    </p>
   </div>
   <div class='ocr_carea' id='block_1_6' title="bbox 151 1743 870 2926">
    <p class='ocr_par' dir='ltr' id='par_1_6' title="bbox 151 1743 870 2926">
     <span class='ocr_line' id='line_1_23' title="bbox 182 1743 869 1794; baseline 0.001 -12"><span class='ocrx_word' id='word_1_162' title='bbox 182 1745 196 1782; x_wconf 86' lang='lat' dir='ltr'>J</span> <span class='ocrx_word' id='word_1_163' title='bbox 197 1744 274 1794; x_wconf 89' lang='lat' dir='ltr'>uppiter</span> <span class='ocrx_word' id='word_1_164' title='bbox 283 1749 407 1793; x_wconf 82' lang='lat' dir='ltr'>experrectus</span> <span class='ocrx_word' id='word_1_165' title='bbox 419 1743 465 1792; x_wconf 89' lang='lat' dir='ltr'>pelli</span> <span class='ocrx_word' id='word_1_166' title='bbox 474 1743 526 1781; x_wconf 84' lang='lat' dir='ltr'>videt</span> <span class='ocrx_word' id='word_1_167' title='bbox 535 1743 630 1792; x_wconf 80' lang='lat' dir='ltr'>Trojanos</span> <span class='ocrx_word' id='word_1_168' title='bbox 641 1743 716 1781; x_wconf 79' lang='lat' dir='ltr'>Achivis</span> <span class='ocrx_word' id='word_1_169' title='bbox 727 1757 782 1793; x_wconf 93' lang='lat' dir='ltr'>opem</span> <span class='ocrx_word' id='word_1_170' title='bbox 796 1744 869 1783; x_wconf 86' lang='lat' dir='ltr'>ferente</span> 
     </span>
     <span class='ocr_line' id='line_1_24' title="bbox 154 1809 870 1862; baseline 0.001 -14"><span class='ocrx_word' id='word_1_171' title='bbox 154 1811 249 1862; x_wconf 90' lang='lat' dir='ltr'>Neptuno</span> <span class='ocrx_word' id='word_1_172' title='bbox 259 1811 352 1858; x_wconf 88' lang='lat'>(1—11).</span> <span class='ocrx_word' id='word_1_173' title='bbox 381 1810 449 1859; x_wconf 88' lang='lat' dir='ltr'>Itaque</span> <span class='ocrx_word' id='word_1_174' title='bbox 459 1822 526 1859; x_wconf 86' lang='lat' dir='ltr'>aspere</span> <span class='ocrx_word' id='word_1_175' title='bbox 535 1809 633 1859; x_wconf 85' lang='lat' dir='ltr'>increpitae</span> <span class='ocrx_word' id='word_1_176' title='bbox 640 1809 653 1846; x_wconf 87' lang='lat' dir='ltr'>J</span> <span class='ocrx_word' id='word_1_177' title='bbox 655 1809 713 1846; x_wconf 91' lang='lat' dir='ltr'>nnoni</span> <span class='ocrx_word' id='word_1_178' title='bbox 723 1809 804 1859; x_wconf 89' lang='lat' dir='ltr'>imperat</span> <span class='ocrx_word' id='word_1_179' title='bbox 813 1817 835 1848; x_wconf 94' lang='lat' dir='ltr'>ut</span> <span class='ocrx_word' id='word_1_180' title='bbox 845 1825 870 1849; x_wconf 86' lang='lat' dir='ltr'>ex</span> 
     </span>
     <span class='ocr_line' id='line_1_25' title="bbox 154 1876 869 1928; baseline 0 -13"><span class='ocrx_word' id='word_1_181' title='bbox 154 1877 239 1928; x_wconf 88' lang='lat' dir='ltr'>Olympo</span> <span class='ocrx_word' id='word_1_182' title='bbox 253 1877 334 1914; x_wconf 86' lang='lat' dir='ltr'>advocet</span> <span class='ocrx_word' id='word_1_183' title='bbox 344 1876 390 1913; x_wconf 91' lang='lat' dir='ltr'>Irim</span> <span class='ocrx_word' id='word_1_184' title='bbox 400 1882 420 1914; x_wconf 90' lang='lat' dir='ltr'>et</span> <span class='ocrx_word' id='word_1_185' title='bbox 430 1876 550 1926; x_wconf 88' lang='lat' dir='ltr'>Apollinem;</span> <span class='ocrx_word' id='word_1_186' title='bbox 567 1876 597 1914; x_wconf 92' lang='lat' dir='ltr'>his</span> <span class='ocrx_word' id='word_1_187' title='bbox 612 1889 632 1914; x_wconf 91' lang='lat' dir='ltr'>se</span> <span class='ocrx_word' id='word_1_188' title='bbox 647 1876 739 1913; x_wconf 89' lang='lat' dir='ltr'>ministris</span> <span class='ocrx_word' id='word_1_189' title='bbox 751 1889 830 1914; x_wconf 92' lang='lat' dir='ltr'>usurum</span> <span class='ocrx_word' id='word_1_190' title='bbox 845 1879 869 1915; x_wconf 88' lang='lat' dir='ltr'>ad</span> 
     </span>
     <span class='ocr_line' id='line_1_26' title="bbox 153 1943 869 1995; baseline 0 -13"><span class='ocrx_word' id='word_1_191' title='bbox 153 1945 247 1995; x_wconf 83' lang='lat' dir='ltr'>Trojanas</span> <span class='ocrx_word' id='word_1_192' title='bbox 257 1944 307 1981; x_wconf 82' lang='lat' dir='ltr'>vires</span> <span class='ocrx_word' id='word_1_193' title='bbox 320 1943 455 1986; x_wconf 86' lang='lat' dir='ltr'>restituendas,</span> <span class='ocrx_word' id='word_1_194' title='bbox 468 1943 525 1980; x_wconf 92' lang='lat' dir='ltr'>simul</span> <span class='ocrx_word' id='word_1_195' title='bbox 539 1956 617 1981; x_wconf 89' lang='lat' dir='ltr'>omnem</span> <span class='ocrx_word' id='word_1_196' title='bbox 630 1943 714 1980; x_wconf 85' lang='lat' dir='ltr'>fatorum</span> <span class='ocrx_word' id='word_1_197' title='bbox 728 1943 797 1980; x_wconf 90' lang='lat' dir='ltr'>seriem</span> <span class='ocrx_word' id='word_1_198' title='bbox 809 1957 869 1993; x_wconf 89' lang='lat' dir='ltr'>usque</span> 
     </span>
     <span class='ocr_line' id='line_1_27' title="bbox 153 2009 869 2060; baseline -0.006 -11"><span class='ocrx_word' id='word_1_199' title='bbox 153 2012 178 2049; x_wconf 82' lang='lat' dir='ltr'>ad</span> <span class='ocrx_word' id='word_1_200' title='bbox 188 2011 284 2049; x_wconf 78' lang='lat' dir='ltr'>excidium</span> <span class='ocrx_word' id='word_1_201' title='bbox 295 2010 346 2048; x_wconf 87' lang='lat' dir='ltr'>urbis</span> <span class='ocrx_word' id='word_1_202' title='bbox 356 2010 442 2060; x_wconf 84' lang='lat' dir='ltr'>praedicit</span> <span class='ocrx_word' id='word_1_203' title='bbox 453 2011 471 2058; x_wconf 90' lang='lat'>(1</span> <span class='ocrx_word' id='word_1_204' title='bbox 478 2011 561 2060; x_wconf 81' lang='lat'><em>2—77).</em></span> <span class='ocrx_word' id='word_1_205' title='bbox 591 2010 623 2047; x_wconf 80' lang='lat' dir='ltr'>Ex</span> <span class='ocrx_word' id='word_1_206' title='bbox 632 2010 644 2047; x_wconf 91' lang='lat' dir='ltr'><strong>J</strong></span> <span class='ocrx_word' id='word_1_207' title='bbox 646 2022 709 2047; x_wconf 88' lang='lat' dir='ltr'>unone</span> <span class='ocrx_word' id='word_1_208' title='bbox 718 2009 739 2046; x_wconf 91' lang='lat' dir='ltr'>in</span> <span class='ocrx_word' id='word_1_209' title='bbox 749 2009 829 2046; x_wconf 91' lang='lat' dir='ltr'>deorum</span> <span class='ocrx_word' id='word_1_210' title='bbox 839 2023 869 2047; x_wconf 87' lang='lat' dir='ltr'>se.</span> 
     </span>
     <span class='ocr_line' id='line_1_28' title="bbox 153 2075 870 2125; baseline -0.004 -10"><span class='ocrx_word' id='word_1_211' title='bbox 153 2078 198 2116; x_wconf 91' lang='lat' dir='ltr'>dem</span> <span class='ocrx_word' id='word_1_212' title='bbox 209 2090 286 2115; x_wconf 89' lang='lat' dir='ltr'>reversa</span> <span class='ocrx_word' id='word_1_213' title='bbox 295 2077 351 2114; x_wconf 87' lang='lat' dir='ltr'>Mars</span> <span class='ocrx_word' id='word_1_214' title='bbox 364 2076 418 2114; x_wconf 92' lang='lat' dir='ltr'>audit</span> <span class='ocrx_word' id='word_1_215' title='bbox 431 2077 455 2114; x_wconf 91' lang='lat' dir='ltr'>de</span> <span class='ocrx_word' id='word_1_216' title='bbox 468 2076 521 2114; x_wconf 86' lang='lat' dir='ltr'>caede</span> <span class='ocrx_word' id='word_1_217' title='bbox 533 2076 567 2114; x_wconf 86' lang='lat' dir='ltr'>filii</span> <span class='ocrx_word' id='word_1_218' title='bbox 577 2077 607 2114; x_wconf 92' lang='lat' dir='ltr'>sui</span> <span class='ocrx_word' id='word_1_219' title='bbox 617 2075 723 2125; x_wconf 86' lang='lat' dir='ltr'>Ascalaphi</span> <span class='ocrx_word' id='word_1_220' title='bbox 735 2080 754 2113; x_wconf 92' lang='lat' dir='ltr'>et</span> <span class='ocrx_word' id='word_1_221' title='bbox 767 2076 831 2113; x_wconf 89' lang='lat' dir='ltr'>statim</span> <span class='ocrx_word' id='word_1_222' title='bbox 845 2077 870 2113; x_wconf 90' lang='lat' dir='ltr'>ad</span> 
     </span>
     <span class='ocr_line' id='line_1_29' title="bbox 152 2143 869 2193; baseline -0.004 -11"><span class='ocrx_word' id='word_1_223' title='bbox 152 2145 246 2182; x_wconf 88' lang='lat' dir='ltr'>ultionem</span> <span class='ocrx_word' id='word_1_224' title='bbox 260 2143 380 2187; x_wconf 79' lang='lat' dir='ltr'>exardescit;</span> <span class='ocrx_word' id='word_1_225' title='bbox 396 2144 481 2181; x_wconf 85' lang='lat' dir='ltr'>furorem</span> <span class='ocrx_word' id='word_1_226' title='bbox 496 2144 537 2192; x_wconf 84' lang='lat' dir='ltr'>ejus</span> <span class='ocrx_word' id='word_1_227' title='bbox 550 2143 637 2193; x_wconf 91' lang='lat' dir='ltr'>reprimit</span> <span class='ocrx_word' id='word_1_228' title='bbox 647 2143 738 2180; x_wconf 87' lang='lat' dir='ltr'>Minerva</span> <span class='ocrx_word' id='word_1_229' title='bbox 748 2143 869 2192; x_wconf 77' lang='lat'>(78-142).</span> 
     </span>
     <span class='ocr_line' id='line_1_30' title="bbox 152 2209 869 2260; baseline -0.003 -12"><span class='ocrx_word' id='word_1_230' title='bbox 152 2211 222 2260; x_wconf 85' lang='lat' dir='ltr'>Apollo</span> <span class='ocrx_word' id='word_1_231' title='bbox 237 2216 256 2248; x_wconf 93' lang='lat' dir='ltr'>et</span> <span class='ocrx_word' id='word_1_232' title='bbox 268 2210 304 2247; x_wconf 90' lang='lat' dir='ltr'>Iris</span> <span class='ocrx_word' id='word_1_233' title='bbox 319 2210 424 2247; x_wconf 87' lang='lat' dir='ltr'>deveniunt</span> <span class='ocrx_word' id='word_1_234' title='bbox 435 2210 460 2246; x_wconf 87' lang='lat' dir='ltr'>ad</span> <span class='ocrx_word' id='word_1_235' title='bbox 471 2210 547 2253; x_wconf 87' lang='lat' dir='ltr'>Jovem,</span> <span class='ocrx_word' id='word_1_236' title='bbox 561 2210 616 2259; x_wconf 82' lang='lat' dir='ltr'>cujus</span> <span class='ocrx_word' id='word_1_237' title='bbox 630 2209 690 2246; x_wconf 90' lang='lat' dir='ltr'>missu</span> <span class='ocrx_word' id='word_1_238' title='bbox 704 2209 746 2246; x_wconf 83' lang='lat' dir='ltr'>baec</span> <span class='ocrx_word' id='word_1_239' title='bbox 756 2209 869 2258; x_wconf 88' lang='lat' dir='ltr'>Neptunum</span> 
     </span>
     <span class='ocr_line' id='line_1_31' title="bbox 152 2276 870 2326; baseline 0 -12"><span class='ocrx_word' id='word_1_240' title='bbox 152 2278 254 2314; x_wconf 88' lang='lat' dir='ltr'>minaciter</span> <span class='ocrx_word' id='word_1_241' title='bbox 263 2277 389 2314; x_wconf 90' lang='lat' dir='ltr'>conterritum</span> <span class='ocrx_word' id='word_1_242' title='bbox 399 2277 487 2326; x_wconf 80' lang='lat' dir='ltr'>quamvis</span> <span class='ocrx_word' id='word_1_243' title='bbox 497 2276 625 2314; x_wconf 90' lang='lat' dir='ltr'>reluctantem</span> <span class='ocrx_word' id='word_1_244' title='bbox 635 2276 688 2326; x_wconf 86' lang='lat' dir='ltr'>cogit</span> <span class='ocrx_word' id='word_1_245' title='bbox 697 2282 720 2313; x_wconf 90' lang='lat' dir='ltr'>ut</span> <span class='ocrx_word' id='word_1_246' title='bbox 729 2276 780 2313; x_wconf 91' lang='lat' dir='ltr'>bello</span> <span class='ocrx_word' id='word_1_247' title='bbox 790 2276 870 2314; x_wconf 91' lang='lat' dir='ltr'>desistat</span> 
     </span>
     <span class='ocr_line' id='line_1_32' title="bbox 153 2342 869 2393; baseline -0.001 -12"><span class='ocrx_word' id='word_1_248' title='bbox 153 2344 281 2393; x_wconf 79' lang='lat'>(143-219)</span> <span class='ocrx_word' id='word_1_249' title='bbox 288 2359 293 2387; x_wconf 90' lang='lat'>;</span> <span class='ocrx_word' id='word_1_250' title='bbox 308 2342 379 2392; x_wconf 89' lang='lat' dir='ltr'>Apollo</span> <span class='ocrx_word' id='word_1_251' title='bbox 392 2348 480 2379; x_wconf 85' lang='lat' dir='ltr'>sanatum</span> <span class='ocrx_word' id='word_1_252' title='bbox 491 2342 599 2380; x_wconf 89' lang='lat' dir='ltr'>Hectorem</span> <span class='ocrx_word' id='word_1_253' title='bbox 611 2342 669 2393; x_wconf 81' lang='lat' dir='ltr'>erigit</span> <span class='ocrx_word' id='word_1_254' title='bbox 681 2355 742 2392; x_wconf 89' lang='lat' dir='ltr'>eoque</span> <span class='ocrx_word' id='word_1_255' title='bbox 754 2342 774 2379; x_wconf 88' lang='lat' dir='ltr'>in</span> <span class='ocrx_word' id='word_1_256' title='bbox 783 2355 869 2392; x_wconf 89' lang='lat' dir='ltr'>pugnam</span> 
     </span>
     <span class='ocr_line' id='line_1_33' title="bbox 152 2407 868 2458; baseline -0.003 -11"><span class='ocrx_word' id='word_1_257' title='bbox 152 2410 233 2448; x_wconf 90' lang='lat' dir='ltr'>reducto</span> <span class='ocrx_word' id='word_1_258' title='bbox 243 2409 341 2447; x_wconf 85' lang='lat' dir='ltr'>fortunam</span> <span class='ocrx_word' id='word_1_259' title='bbox 347 2409 476 2458; x_wconf 86' lang='lat' dir='ltr'>Trojanorum</span> <span class='ocrx_word' id='word_1_260' title='bbox 486 2408 581 2446; x_wconf 85' lang='lat' dir='ltr'>instaurat</span> <span class='ocrx_word' id='word_1_261' title='bbox 588 2409 722 2455; x_wconf 63' lang='lat' dir='ltr'>(iao-280).</span> <span class='ocrx_word' id='word_1_262' title='bbox 746 2407 823 2445; x_wconf 86' lang='lat' dir='ltr'>Hector</span> <span class='ocrx_word' id='word_1_263' title='bbox 829 2408 868 2445; x_wconf 84' lang='lat' dir='ltr'>for-</span> 
     </span>
     <span class='ocr_line' id='line_1_34' title="bbox 152 2473 869 2524; baseline -0.006 -10"><span class='ocrx_word' id='word_1_264' title='bbox 152 2477 238 2514; x_wconf 82' lang='lat' dir='ltr'>tissimos</span> <span class='ocrx_word' id='word_1_265' title='bbox 247 2476 367 2513; x_wconf 84' lang='lat' dir='ltr'>Achivorum</span> <span class='ocrx_word' id='word_1_266' title='bbox 382 2475 468 2518; x_wconf 86' lang='lat' dir='ltr'>adortus,</span> <span class='ocrx_word' id='word_1_267' title='bbox 480 2475 589 2511; x_wconf 88' lang='lat' dir='ltr'>imbellibus</span> <span class='ocrx_word' id='word_1_268' title='bbox 602 2475 626 2511; x_wconf 91' lang='lat' dir='ltr'>ad</span> <span class='ocrx_word' id='word_1_269' title='bbox 639 2488 698 2512; x_wconf 78' lang='lat' dir='ltr'>naves</span> <span class='ocrx_word' id='word_1_270' title='bbox 713 2473 814 2524; x_wconf 87' lang='lat' dir='ltr'>degressis,</span> <span class='ocrx_word' id='word_1_271' title='bbox 825 2487 869 2523; x_wconf 82' lang='lat' dir='ltr'>par-</span> 
     </span>
     <span class='ocr_line' id='line_1_35' title="bbox 152 2540 869 2592; baseline -0.003 -12"><span class='ocrx_word' id='word_1_272' title='bbox 152 2543 188 2581; x_wconf 90' lang='lat' dir='ltr'>tim</span> <span class='ocrx_word' id='word_1_273' title='bbox 201 2543 291 2585; x_wconf 87' lang='lat' dir='ltr'>trucidat,</span> <span class='ocrx_word' id='word_1_274' title='bbox 301 2542 372 2592; x_wconf 90' lang='lat' dir='ltr'>partim</span> <span class='ocrx_word' id='word_1_275' title='bbox 382 2541 402 2578; x_wconf 92' lang='lat' dir='ltr'>in</span> <span class='ocrx_word' id='word_1_276' title='bbox 411 2541 477 2591; x_wconf 84' lang='lat' dir='ltr'>fugam</span> <span class='ocrx_word' id='word_1_277' title='bbox 488 2541 552 2584; x_wconf 89' lang='lat' dir='ltr'>vertit,</span> <span class='ocrx_word' id='word_1_278' title='bbox 562 2548 660 2590; x_wconf 81' lang='lat' dir='ltr'>praeeuute</span> <span class='ocrx_word' id='word_1_279' title='bbox 674 2542 716 2584; x_wconf 89' lang='lat' dir='ltr'>deo,</span> <span class='ocrx_word' id='word_1_280' title='bbox 728 2540 759 2590; x_wconf 92' lang='lat' dir='ltr'>qui</span> <span class='ocrx_word' id='word_1_281' title='bbox 772 2544 869 2578; x_wconf 88' lang='lat' dir='ltr'>commota</span> 
     </span>
     <span class='ocr_line' id='line_1_36' title="bbox 153 2606 868 2660; baseline -0.006 -13"><span class='ocrx_word' id='word_1_282' title='bbox 153 2610 215 2660; x_wconf 68' lang='lat' dir='ltr'>aegide</span> <span class='ocrx_word' id='word_1_283' title='bbox 224 2609 304 2646; x_wconf 73' lang='lat' dir='ltr'>Achims</span> <span class='ocrx_word' id='word_1_284' title='bbox 313 2621 405 2660; x_wconf 88' lang='lat' dir='ltr'>pavorem</span> <span class='ocrx_word' id='word_1_285' title='bbox 417 2608 493 2652; x_wconf 87' lang='lat' dir='ltr'>incutit,</span> <span class='ocrx_word' id='word_1_286' title='bbox 505 2608 595 2657; x_wconf 87' lang='lat' dir='ltr'>Trojanis</span> <span class='ocrx_word' id='word_1_287' title='bbox 605 2613 670 2644; x_wconf 91' lang='lat' dir='ltr'>autem</span> <span class='ocrx_word' id='word_1_288' title='bbox 680 2607 743 2644; x_wconf 90' lang='lat' dir='ltr'>deleto</span> <span class='ocrx_word' id='word_1_289' title='bbox 753 2619 808 2643; x_wconf 88' lang='lat' dir='ltr'>muro</span> <span class='ocrx_word' id='word_1_290' title='bbox 820 2606 868 2643; x_wconf 83' lang='lat' dir='ltr'>viam</span> 
     </span>
     <span class='ocr_line' id='line_1_37' title="bbox 152 2673 869 2723; baseline -0.007 -9"><span class='ocrx_word' id='word_1_291' title='bbox 152 2676 215 2715; x_wconf 89' lang='lat' dir='ltr'>munit</span> <span class='ocrx_word' id='word_1_292' title='bbox 225 2676 249 2713; x_wconf 86' lang='lat' dir='ltr'>ad</span> <span class='ocrx_word' id='word_1_293' title='bbox 259 2677 339 2714; x_wconf 88' lang='lat' dir='ltr'>classem</span> <span class='ocrx_word' id='word_1_294' title='bbox 350 2675 500 2713; x_wconf 75' lang='lat' dir='ltr'>exscindendam</span> <span class='ocrx_word' id='word_1_295' title='bbox 509 2673 597 2723; x_wconf 79' lang='lat'>(281—-3</span> <span class='ocrx_word' id='word_1_296' title='bbox 602 2675 645 2723; x_wconf 76' lang='grc'>89),</span> <span class='ocrx_word' id='word_1_297' title='bbox 670 2674 699 2711; x_wconf 85' lang='lat' dir='ltr'>Ea</span> <span class='ocrx_word' id='word_1_298' title='bbox 707 2686 728 2710; x_wconf 92' lang='lat' dir='ltr'>re</span> <span class='ocrx_word' id='word_1_299' title='bbox 737 2673 869 2710; x_wconf 85' lang='lat' dir='ltr'>animadversa</span> 
     </span>
     <span class='ocr_line' id='line_1_38' title="bbox 153 2737 867 2792; baseline -0.008 -11"><span class='ocrx_word' id='word_1_300' title='bbox 153 2743 253 2781; x_wconf 86' lang='lat' dir='ltr'>Patroclus</span> <span class='ocrx_word' id='word_1_301' title='bbox 267 2743 290 2779; x_wconf 91' lang='lat' dir='ltr'>ab</span> <span class='ocrx_word' id='word_1_302' title='bbox 303 2742 401 2792; x_wconf 85' lang='lat' dir='ltr'>Eurypylo</span> <span class='ocrx_word' id='word_1_303' title='bbox 415 2741 465 2778; x_wconf 88' lang='lat' dir='ltr'>redit</span> <span class='ocrx_word' id='word_1_304' title='bbox 479 2741 504 2778; x_wconf 83' lang='lat' dir='ltr'>ad</span> <span class='ocrx_word' id='word_1_305' title='bbox 517 2739 620 2783; x_wconf 84' lang='lat' dir='ltr'>Achillem,</span> <span class='ocrx_word' id='word_1_306' title='bbox 633 2745 654 2776; x_wconf 89' lang='lat' dir='ltr'>ut</span> <span class='ocrx_word' id='word_1_307' title='bbox 669 2752 713 2776; x_wconf 88' lang='lat' dir='ltr'>eum</span> <span class='ocrx_word' id='word_1_308' title='bbox 728 2737 814 2776; x_wconf 85' lang='lat' dir='ltr'>extremo</span> <span class='ocrx_word' id='word_1_309' title='bbox 829 2739 867 2776; x_wconf 88' lang='lat' dir='ltr'>dis-</span> 
     </span>
     <span class='ocr_line' id='line_1_39' title="bbox 152 2806 868 2857; baseline -0.007 -10"><span class='ocrx_word' id='word_1_310' title='bbox 152 2809 228 2848; x_wconf 91' lang='lat' dir='ltr'>crimini</span> <span class='ocrx_word' id='word_1_311' title='bbox 242 2808 376 2846; x_wconf 79' lang='lat' dir='ltr'>auxiliatorem</span> <span class='ocrx_word' id='word_1_312' title='bbox 388 2813 455 2845; x_wconf 84' lang='lat' dir='ltr'>exoret</span> <span class='ocrx_word' id='word_1_313' title='bbox 466 2807 601 2857; x_wconf 81' lang='lat'>(390-404).</span> <span class='ocrx_word' id='word_1_314' title='bbox 632 2806 712 2843; x_wconf 86' lang='lat' dir='ltr'>Interim</span> <span class='ocrx_word' id='word_1_315' title='bbox 727 2806 819 2843; x_wconf 83' lang='lat' dir='ltr'>acerrime</span> <span class='ocrx_word' id='word_1_316' title='bbox 833 2819 868 2855; x_wconf 87' lang='lat' dir='ltr'>pro</span> 
     </span>
     <span class='ocr_line' id='line_1_40' title="bbox 151 2872 868 2926; baseline -0.007 -12"><span class='ocrx_word' id='word_1_317' title='bbox 151 2877 232 2915; x_wconf 88' lang='lat' dir='ltr'>navibus</span> <span class='ocrx_word' id='word_1_318' title='bbox 245 2880 369 2926; x_wconf 87' lang='lat' dir='ltr'>propugnant</span> <span class='ocrx_word' id='word_1_319' title='bbox 379 2874 455 2917; x_wconf 88' lang='lat' dir='ltr'>Achivi,</span> <span class='ocrx_word' id='word_1_320' title='bbox 466 2874 552 2923; x_wconf 86' lang='lat' dir='ltr'>pluribus</span> <span class='ocrx_word' id='word_1_321' title='bbox 563 2873 586 2910; x_wconf 88' lang='lat' dir='ltr'>ab</span> <span class='ocrx_word' id='word_1_322' title='bbox 597 2878 676 2922; x_wconf 79' lang='lat' dir='ltr'>utruque</span> <span class='ocrx_word' id='word_1_323' title='bbox 690 2878 743 2922; x_wconf 87' lang='lat' dir='ltr'>parte</span> <span class='ocrx_word' id='word_1_324' title='bbox 756 2872 868 2910; x_wconf 86' lang='lat' dir='ltr'>cadentibus</span> 
     </span>
    </p>
   </div>
   <div class='ocr_carea' id='block_1_7' title="bbox 0 0 972 3053">
    <p class='ocr_par' dir='ltr' id='par_1_7' title="bbox 0 0 972 3053">
     <span class='ocr_line' id='line_1_41' title="bbox 0 0 972 3053; baseline 0 0"><span class='ocrx_word' id='word_1_325' title='bbox 0 0 972 3053; x_wconf 95' lang='lat' dir='ltr'> </span> 
     </span>
    </p>
   </div>
  </div>
 </body>
</html>
