1936 3053
70 128 161 174 XVIII.
433 127 555 171 ΙΛΙΑΔΟΣ
575 128 600 171 Σ.

157 236 355 302 θππωςἭφαιστάς
367 241 387 285 τ’
397 237 459 285 έθέλοι
472 233 507 284 καί
520 235 576 302 ’ἔργον
587 232 660 283 ἀνοιτο.

156 315 234 383 χαλκδν
246 317 262 366 δ’
272 317 291 366 έν
302 313 349 381 πυρί
361 316 442 374 βάλλεν
454 315 536 380 ἀτειρέα
548 312 669 379 κασσίτερύν
680 335 704 362 τε

156 396 191 447 καί
201 394 277 464 χρνσδν
288 402 377 460 τιμῆντα
389 393 424 443 καῖ
437 392 527 460 ἀργυρον·
546 393 611 457 αύτδιρ
624 391 695 440 ’ἔπειτα

156 482 212 536 θῆκεν
224 476 243 524 ἔν
254 475 358 540 ἀκμοθέτῳ
369 474 436 538 μέγαν
446 471 532 536 ἀκμονα,
544 473 603 537 γέντο
615 472 636 519 δὲ
648 471 702 537 χειρὶ

155 558 256 621 ῥαιστῆρα
268 554 370 619 κρατερήν,
384 552 467 618 έτέρηφι
480 551 501 600 δὲ
512 552 570 615 γέντο
582 551 693 617 πυράγρην.

190 631 249 681 Ποίει
262 633 283 680 δὲ
294 630 401 697 πράτιστα
414 633 477 684 σάκος
488 631 546 695 μέγα
557 652 580 678 τε
594 629 694 696 στιβαρύν
705 651 729 678 τε

154 712 243 759 πάντοσε
255 710 373 765 δαιδάλλων,
386 708 432 775 περὶ
444 708 460 756 δὶ
469 706 549 773 ἀντυγα
560 710 632 765 βάλλε
644 710 734 770 φαεινήν,

154 788 258 855 τρίπλακα
269 788 395 854 μαρμαρέην,
408 787 431 836 ἔκ
442 788 459 835 δ’
469 788 564 854 ἀργύρεον
575 794 690 851 τελαμῶνα.

236 865 281 886 ’,θ’
312 868 317 884 ²
343 873 353 882 Ν
366 867 377 886 31
450 870 457 884 Ι
639 867 644 884 5
661 867 668 884 λ
700 866 705 882 ²
748 867 753 882 7

153 869 212 917 πέντε
251 890 276 934 αρ
292 890 354 915 αυτον
366 888 415 915 εσαν
428 889 503 921 σακευς
514 868 599 932 πτύχες·
619 889 684 933 αυταρ
697 889 716 914 εν
727 872 782 932 αυτῷ

153 946 204 995 ποίει
216 946 308 994 δαίδαλα
319 945 388 994 πολλδι
399 945 475 1013 ι’δυήησι
487 946 633 1011 πραπίδεσσιν.

187 1027 223 1072 Ἐν
234 1025 271 1088 μὲν
282 1031 344 1089 γαῖαν
356 1023 425 1081 έτευξ’,
438 1025 457 1073 έν
469 1024 485 1072 δ’
495 1024 578 1090 ούρανδν,
592 1025 610 1073 ἔν
623 1025 644 1073 δὲ
656 1026 770 1082 θάλασσαν,

152 1102 218 1163 ήέλιάν
230 1105 250 1150 τ’
258 1104 368 1166 ἀκάμαντα
381 1104 465 1162 σελήνην
476 1126 500 1151 τε
511 1104 635 1163 πλήθουσαν,

461 1181 576 1199 ὶῖλ)

153 1182 172 1230 ἐν
184 1182 205 1230 δὲ
216 1181 244 1230 τδι
255 1181 324 1248 τείρεα
334 1182 407 1239 πάντα,
420 1183 461 1230 τάτ
476 1204 556 1248 ουρανος
567 1184 717 1244 εστεφάνωται,

152 1260 264 1320 Πληιάδας
275 1263 292 1307 θ’
300 1260 377 1313 Ὓάδας
389 1282 412 1308 τε
424 1259 450 1309 τά
459 1283 482 1309 τε
495 1263 562 1316 σθένος
570 1261 664 1327 Ὠρίωνος

148 1336 235 1405 ’Άρκτον
247 1337 261 1385 θ
262 1377 269 1396 ,
281 1338 304 1398 ήν
315 1336 350 1385 καὶ
361 1336 442 1402 άμαξαν
454 1339 562 1404 ἐπίκλησιν
573 1341 687 1397 καλέουσιν,

151 1414 184 1475 ἥτ’
194 1415 255 1464 αὐτοῦ
268 1417 380 1481 στρέφεται
393 1415 430 1465 καί
439 1416 457 1464 τ’
468 1416 554 1483 Ὠρίωνα
565 1417 646 1475 δοκεύει,

151 1492 182 1553 οίη
195 1493 212 1541 δ’
221 1491 313 1559 ἀμμορύς
325 1494 370 1542 ἔστι
383 1502 467 1560 λοετρῶν
476 1499 586 1544 Ὠκεανοῖο.

184 1572 220 1619 Ἐν
232 1572 253 1621 δὲ
265 1573 303 1620 δύοι
314 1571 387 1632 ποίησε
398 1571 470 1628 πάλεις
480 1573 571 1639 μερύπωυ
582 1573 683 1640 ἀνθρώπων

151 1653 224 1705 καλάς.
248 1650 268 1698 έν
279 1656 305 1717 τῇ
316 1649 354 1714 μέν
364 1654 391 1717 ῥα
403 1653 467 1715 γάμοι
480 1655 499 1700 τ’
510 1655 559 1701 ’έσαν
572 1653 674 1701 εἰλαπίναι
686 1675 717 1710 τε,

151 1728 234 1791 νύμφας
245 1728 261 1776 δ’
271 1729 294 1777 έκ
305 1731 400 1793 θαλάμων
412 1729 484 1779 δαίδων
496 1729 533 1780 ύπο
546 1733 693 1796 λαμπομενάων

149 1807 226 1871 ήγίνεον
238 1807 275 1856 ἀνδο
286 1805 348 1865 ἀστυ,
360 1809 424 1863 πολύς
436 1809 454 1857 δ’
463 1808 556 1872 ὑμέναιος
568 1810 640 1877 θρύρει·

150 1891 213 1950 κοῦροι
226 1886 244 1932 δ’
254 1886 381 1951 θρχηστήρες
392 1887 467 1945 έδίνεον,
480 1888 499 1936 έν
511 1889 528 1935 δ’
537 1889 576 1955 ἀρα
588 1897 654 1938 τοῖσιν

149 1961 208 2010 αθλοῖ
219 1962 336 2028 φύρμιγγές
347 1986 370 2011 τε
382 1965 433 2023 βοήν
445 1963 498 2029 έχον·
517 1966 541 2013 αἶ
552 1966 573 2014 δὲ
583 1973 679 2030 γυναῖκες

149 2041 258 2103 ἱστάμεναι
271 2040 371 2104 θαύμαζον
382 2040 414 2089 έπδ
425 2043 548 2108 προθύροισιν
560 2046 646 2103 ἑκάστη.

148 2116 195 2165 λαοί
207 2119 224 2165 δ’
234 2119 261 2167 εἶν
272 2119 337 2187 ἀγορῇ
349 2119 398 2168 ’έσαν
410 2118 481 2186 ἀθρύοι·
501 2121 545 2170 ’ἔνθα
556 2122 577 2171 δὲ
589 2129 652 2177 νεῖκος

148 2194 224 2261 ἀρήρει,
237 2195 269 2244 δύο
281 2197 299 2244 δ’
308 2197 376 2263 ἀνδρες
388 2198 469 2246 ένείκεον
481 2196 546 2248 είνεκα
557 2208 625 2260 ποινής

147 2272 216 2338 ἀνδρδς
226 2274 368 2338 ἀποφθιμένου·
388 2279 398 2324 ὃ
409 2278 446 2341 μὲν
458 2277 531 2343 εθχετο
543 2280 600 2328 πάντ’
610 2281 722 2338 ἀποδούναι,

147 2351 204 2417 δήμῳ
215 2353 342 2416 πιφαύσκων,
355 2358 365 2403 o‘
377 2356 393 2403 δ’
403 2356 492 2405 ἀναίνετο
504 2359 566 2422 μηδὲν
578 2360 667 2408 ἑλέσθαι·
820 2376 864 2422 500

174 2503 222 2542 477.
234 2496 322 2546 κρατερήν]
338 2499 415 2549 κρατερδν
426 2499 490 2537 Zeno·
520 2499 669 2552 Aristophanes.

147 2547 213 2585 dotus.
512 2557 514 2559 ’
546 2561 624 2607 49ο.ἐκ
638 2557 728 2607 θαλάμων]
747 2562 764 2602 ἐς
779 2560 864 2606 θαλάμους

174 2601 489 2652 483-608,ἀθετεΐΖευοάοτυε.
519 2610 637 2650 zenodotus.

174 2658 222 2709 485.
238 2661 366 2710 ἐστεφάνωται]
392 2664 491 2715 ἐστήρικται
546 2678 594 2719 499.
609 2667 728 2718 ἀποφθιμένου]
746 2669 863 2717 ἀποκταμένου

147 2712 265 2758 Zenodotus,
287 2715 406 2755 nominativo
429 2720 491 2770 οὐρανὸς
519 2721 631 2760 Zenodotus
647 2727 667 2760 et
683 2722 778 2761 editiones
794 2723 862 2773 plerae-

146 2768 266 2807 hauddubie
279 2770 299 2807 in
309 2773 368 2820 οὐρανῷ
377 2778 459 2818 mutato,
469 2781 492 2813 ut
520 2790 561 2827 que.

147 2828 214 2862 monet
227 2824 351 2863 Ribbeckius.
374 2831 491 2880 ἐστεφάνωκεν
