1936 3053
369 100 565 143 PRAEFATIO.
768 99 828 142 xxvii

110 210 167 264 lerit,
176 211 283 269 producto
293 218 307 261 ῐ,
317 215 343 253 ut
352 210 378 253 fit
388 210 411 253 in
421 209 544 253 nominibus
554 209 691 267 polysyllabis
702 210 724 252 in
736 210 761 264 ιῆ,
768 210 828 254 velut

109 283 210 335 ὑποδεξίη,
226 282 339 335 ἀκομιστίη,
355 280 409 324 aliis.
441 279 516 338 Neque
530 279 588 324 enim
604 278 676 337 epicos
692 285 776 325 veteres
791 297 826 324 so-

110 351 163 394 lutae
180 350 211 393 illi
227 350 317 408 genitivi
331 349 480 394 terminationi
494 350 525 393 ita
540 349 640 393 addictos
655 350 720 394 fuisse
735 355 761 393 ut
774 351 827 394 alias

111 419 188 478 quibus
197 425 268 463 metro
278 420 361 463 consuli
373 423 448 477 posset
457 419 554 463 rationes
570 419 715 472 excluderent,
726 420 827 477 frequens

109 491 254 548 genitivorum
274 491 297 532 in
316 496 340 544 φι
357 490 524 533 terminatorum
544 504 596 532 usus
616 489 688 540 docet,
705 494 731 532 ut
751 490 827 544 Ἰλιόφι

111 564 174 603 κλυτὰ
184 562 263 617 τεύχεα,
274 560 314 602 ἀπὸ
325 561 425 615 στρατόφι
432 563 561 614 προτιειλεῖν,
573 561 595 601 ἐκ
606 561 678 614 θεόφιν
688 559 748 614 γένος
757 560 793 613 ἦεν
804 565 827 602 et

110 645 158 687 quae
174 635 224 674 sunt
234 629 277 673 alia
292 629 482 686 hujusmodique
492 628 614 671 Ahreusius
628 644 649 685 p.
662 630 709 683 164.
719 629 825 672 recentio-

109 700 169 742 ribus
187 700 302 757 rhapsodis
318 698 396 742 tribuit
414 700 539 756 conjectura
558 714 636 755 parum
655 698 768 756 probabili.
799 699 827 742 In

110 769 171 813 exitu
180 785 255 812 versus
266 769 383 827 spondiaco
392 770 433 812 Od.
444 783 477 824 14,
486 782 535 827 239.
546 769 582 822 ἦεν
592 768 711 823 ἀνήνασθαι,
720 770 801 825 χαλεπή
809 770 827 811 δ’

110 840 146 895 ἔχε
156 840 218 894 δήμου
232 843 294 895 φῆμις
308 840 403 882 dubitari
416 843 574 896 potestatium
587 843 701 882 contracta
714 840 784 883 forma
798 855 827 882 an

110 910 181 953 soluta
197 911 258 964 δήμοο
271 925 322 952 usus
338 910 367 952 sit
380 914 452 966 poeta.
483 909 581 952 Solutam
596 908 633 965 qui
648 910 749 966 probant,
761 910 826 952 etiam

109 978 163 1022 alios
173 979 296 1036 hujusmodi
306 980 419 1036 spondeos,
427 983 511 1033 Λητοῦς,
518 980 570 1032 Ἠῶ,
583 982 635 1035 rapa,
647 981 706 1032 αἰδοῖ,
715 995 742 1022 ex
750 980 826 1037 quinto

109 1049 164 1105 pede
174 1049 295 1092 hexametri
308 1064 418 1092 removere
429 1050 539 1092 debebunt
549 1050 689 1092 restituendis
702 1050 777 1092 formis
792 1066 826 1093 so-

109 1118 162 1161 lutis
171 1121 256 1171 Λητόος,
268 1121 327 1171 Ἠόα,
340 1121 402 1174 ἱδρόα,
413 1121 471 1169 αἰδόϊ,
483 1120 542 1176 quod
552 1120 620 1162 voluit
630 1120 755 1163 Gerhardus
764 1120 824 1163 Lect.

110 1189 211 1245 Apollon.
227 1205 248 1246 p.
261 1202 308 1245 145.
324 1190 432 1245 probante
447 1189 582 1232 Buttmanno
593 1189 690 1231 Gramm.
703 1190 741 1232 Gr.
753 1191 794 1232 vol.
806 1204 824 1233 1.

109 1274 131 1315 p.
143 1259 190 1301 186.
203 1259 239 1315 qui
254 1258 349 1301 inversu
361 1259 463 1315 Odysseae
479 1258 540 1311 δήμοο
552 1261 614 1313 φῆμις
627 1259 746 1315 proposuit,
758 1275 825 1316 quum

111 1327 236 1370 Gerhardus
250 1327 321 1370 locum
336 1328 393 1369 hunc
405 1327 476 1370 verbis
490 1327 629 1383 transpositis
644 1328 773 1370 correxisset
788 1346 825 1384 χα-

110 1398 163 1450 λεπή
174 1397 235 1450 δήμου
246 1396 263 1438 δ’
275 1398 311 1452 ἔχε
324 1400 392 1450 φῆμις,
404 1396 475 1438 minus
490 1397 638 1453 probabiliter.
669 1396 700 1439 Et
712 1398 826 1441 latendum

109 1481 161 1510 sane
171 1466 278 1523 spondeos
288 1466 335 1508 illos
348 1465 445 1508 duriores
463 1480 587 1522 essequam
600 1465 646 1520 ὄφρ’
659 1467 680 1508 εἰ
695 1470 764 1517 πᾶσαι,
778 1466 825 1522 ὄφρ’

110 1537 132 1579 εἰ
143 1538 202 1594 εἰδῇς,
213 1534 260 1578 ἀλλ’
272 1537 294 1578 εἰ
309 1537 364 1579 εἰδώς
375 1534 398 1577 in
409 1534 469 1577 exitu
480 1542 574 1591 quatuor
584 1536 676 1578 aliorum
686 1552 792 1590 versuum,
802 1538 825 1580 in

110 1603 187 1661 quibus
199 1606 220 1647 ed
230 1619 279 1647 cum
290 1605 347 1649 εἰδώς
358 1604 391 1646 vel
403 1605 455 1657 εἰδῇς
466 1606 605 1661 conjunctum
614 1605 677 1647 unius
688 1605 757 1648 instar
765 1607 824 1650 verbi

109 1679 149 1716 est.
181 1673 223 1716 His
234 1675 332 1717 omnibus
342 1673 431 1716 remotis
441 1689 496 1716 unus
509 1674 632 1731 hujusmodi
643 1689 717 1718 versus
726 1681 825 1720 remanet

110 1743 137 1785 ll.
148 1758 180 1795 10,
193 1757 242 1801 299.

197 1838 243 1880 οὐδὲ
252 1837 290 1889 μὲν
300 1836 347 1879 οὐδὲ
355 1841 425 1892 Τρῶας
435 1837 536 1892 ἀγήνορας
547 1838 599 1879 etad
606 1837 694 1892 Ἕκτωρ,

109 1932 135 1972 ut
145 1943 201 1971 nunc
212 1944 239 1971 ex
249 1943 292 1971 uno
303 1929 381 1971 nullius
390 1928 441 1971 fidei
451 1928 506 1971 libro
519 1929 681 1972 Vratislaviensi
696 1930 775 1987 legitur
784 1945 824 1987 pro

110 2001 185 2050 εἴασεν,
201 1999 259 2055 quod
274 1998 292 2041 si
307 2003 407 2055 correpta
423 1998 505 2054 syllaba
521 1999 641 2055 penultima
657 1999 727 2043 dicere
743 2000 825 2057 placuit

109 2073 193 2126 poetae,
209 2083 253 2110 non
267 2068 336 2125 magis
351 2068 473 2111 mirandum
491 2083 556 2125 quam
572 2069 630 2126 quod
646 2070 762 2126 λελόγχασι
779 2085 825 2112 cor-

109 2142 173 2194 repta
183 2137 265 2195 syllaba
273 2137 393 2195 penultima
403 2137 459 2181 dixit
470 2138 511 2180 Od.
523 2152 556 2191 11,
567 2151 617 2195 303.

198 2234 300 2275 τεθνᾶσιν·
315 2231 373 2285 τιμὴν
384 2233 406 2274 δὲ
416 2232 545 2287 λελόγχασιν
554 2231 591 2274 ico
602 2235 687 2281 θεοῖσιν,

110 2324 168 2381 quod
184 2323 250 2366 fuisse
266 2322 302 2381 qui
319 2325 433 2380 λελόγχασ’
451 2324 545 2367 scribere
563 2325 652 2368 mallent
667 2341 694 2367 ex
711 2318 824 2369 Eustathii

110 2393 252 2437 annotatione
262 2393 411 2451 cognoscitur:
424 2409 466 2450 quo
476 2409 519 2436 non
529 2395 622 2438 multum
632 2395 750 2453 proficitur,
760 2411 825 2452 quum

110 2462 154 2506 alia
164 2463 263 2519 quaedam
276 2463 418 2520 correptionis
432 2464 495 2521 hujus
508 2465 607 2523 exempla
616 2466 674 2522 apud
685 2465 738 2508 alios
748 2471 825 2522 poetas

111 2536 199 2587 reperta
215 2531 258 2573 sint
275 2531 351 2587 quibus
372 2533 476 2576 correctio
496 2533 533 2577 illa
553 2534 650 2577 adhiberi
668 2534 751 2591 nequit,
766 2535 825 2578 velut

112 2600 256 2657 Xenophanis

129 2752 131 2754 v
200 2694 221 2746 ἐξ
232 2695 293 2749 ἀρχῆς
305 2694 347 2737 καθ’
355 2693 454 2749 Ὅμηρον,
467 2696 510 2738 ἐπεὶ
519 2697 646 2750 μεμαθήκασι
656 2697 735 2750 πάντες,

113 2799 155 2840 quo
165 2800 228 2828 versu
239 2785 377 2829 Herodianus
387 2787 458 2830 utitur
468 2787 489 2829 in
500 2787 555 2831 libro
569 2790 614 2843 περὶ
628 2790 726 2845 διχρόνων
741 2804 762 2845 p.
775 2790 824 2845 296.
