1936 3053
364 93 563 136 PuAEuAric.
795 93 823 137 vii

105 203 247 260 probabiliter
264 203 357 260 conjecit
376 203 548 261 Sengebuschius
566 204 588 246 in
607 203 758 247 dissertatione
775 204 823 247 Ho-

104 273 184 317 merica
195 273 268 332 priore
277 289 299 332 p.
311 287 357 329 124.
389 274 431 329 Qui
446 274 511 318 hodie
526 278 642 332 supersunt
657 272 762 317 librorum
777 289 822 318 om-

104 344 171 399 nium,
190 344 208 388 si
227 360 241 389 a
259 345 403 389 vetustiorum
422 345 558 403 quorundam
579 344 677 388 codicum
696 345 823 403 fragmentis

105 415 235 469 discesseris,
247 420 269 459 et
283 416 446 473 antiquissimus
460 421 482 459 et
497 415 690 473 praestantissimus
706 419 740 458 est
751 414 823 458 Vene-

104 489 140 528 tus
152 485 278 529 Marcianus
288 499 339 544 454.
352 487 446 544 scriptus
461 487 483 529 in
498 486 629 530 membranis
645 485 716 529 seculo
732 486 823 539 decimo,

104 561 191 600 textum
205 556 281 601 iliadis
297 558 400 601 exhibens
417 573 466 601 cnm
482 557 549 617 signis
565 557 646 619 criticis
661 556 785 600 Aristarchi
801 561 824 600 et

104 627 199 685 amplam
209 628 338 671 scholiorum
344 634 443 672 veterum
453 629 606 680 collectionem,
616 643 708 686 quorum
718 643 769 685 pars
779 643 823 671 non

104 697 182 756 exigua
195 698 217 741 iu
231 699 272 742 hoc
288 714 331 742 nnc
346 699 402 743 libro
414 705 501 743 servata
515 705 556 749 est,
573 698 716 757 compositam
732 713 758 741 ex
772 698 823 741 Ari-

104 769 182 813 stonici
195 769 252 813 libro
262 771 307 827 περὶ
317 769 507 824 σημείωυἸλιάὸος,
519 785 561 828 quo
573 769 698 813 Aristarchi
712 769 822 827 signorum

104 840 229 884 criticorum
245 840 373 899 significatio
389 840 497 898 explicata
512 840 560 891 fnit,
575 839 690 883 Nicanoris
705 839 760 882 libro
776 840 822 893 περὶ

105 913 195 965 στιγμῆς,
206 909 328 954 Herodiani
338 908 533 968 προσῳδίᾳἸλιακῇ,
545 909 632 966 Didymi
642 909 665 951 in
675 913 760 952 textum
772 909 822 951 Ari-

104 979 185 1022 starchi
208 980 375 1031 commentariis,
396 979 487 1037 aliisque
506 978 604 1023 ueterum
629 979 821 1037 grammaticorum

104 1049 199 1106 scriptis.
227 1049 300 1107 Hujus
311 1049 391 1092 codicis
402 1054 487 1093 textum
498 1064 548 1092 cum
558 1049 625 1108 signis
636 1049 716 1092 criticis
728 1053 750 1092 et
761 1049 821 1092 scho-

102 1119 137 1162 liis
147 1120 229 1177 primus
240 1120 309 1163 edidit
315 1119 554 1163 VilloisonusVenetiis
564 1136 584 1163 a.
591 1122 660 1176 1788„
674 1120 736 1178 signa
745 1119 821 1163 critica

103 1205 146 1233 non
157 1191 202 1234 sine
212 1191 286 1235 multis
294 1191 402 1234 erroribus
413 1195 435 1234 et
444 1190 530 1241 scholia,
540 1195 564 1233 ut
575 1206 632 1233 nunc
640 1195 734 1242 constat,
744 1205 820 1247 parum

104 1260 224 1318 diligenter,
235 1262 298 1319 louge
312 1260 435 1304 accuratius
446 1265 537 1311 textum,
549 1275 672 1318 quanquam
683 1260 705 1302 in
717 1261 757 1304 hoc
768 1275 820 1318 qno

103 1347 144 1389 que
159 1331 268 1375 interdum
283 1332 311 1375 ab
327 1331 406 1374 codicis
422 1331 530 1388 scriptura
548 1331 659 1375 aberravit
677 1336 820 1388 accentusqne

102 1402 181 1453 omisit,
193 1417 235 1459 quo
246 1402 299 1445 nihil
311 1402 358 1445 fieri
372 1406 460 1459 poterat
475 1401 602 1460 perversius,
614 1416 680 1459 quum
691 1402 718 1444 de
728 1402 820 1445 accenti-

103 1472 142 1515 bus
153 1472 257 1529 ponendis
271 1472 362 1529 plurima
373 1472 395 1514 in
405 1472 571 1515 scholiastarum
586 1472 764 1515 annotationibus
776 1471 819 1514 dis-

103 1547 214 1599 putentur.
244 1544 314 1586 Porro
327 1558 394 1600 quum
408 1542 561 1586 annotationes
576 1542 646 1586 nullas
661 1542 759 1596 adderet,
772 1557 819 1585 cor-

102 1613 208 1656 rectiones
222 1628 296 1656 omnes
310 1612 381 1656 textui
396 1611 554 1670 superscriptas
569 1611 670 1669 neglexit,
683 1611 761 1668 quibus
776 1626 819 1654 non

102 1697 151 1725 raro
168 1682 251 1726 librarii
268 1698 352 1726 errores
365 1683 398 1727 vel
413 1683 441 1726 ab
457 1683 504 1740 ipso
517 1682 550 1725 vel
565 1684 593 1726 ab
609 1682 651 1726 alio
667 1682 817 1726 emendantur.

102 1752 182 1810 Itaque
193 1769 236 1796 non
249 1753 326 1797 inutile
336 1754 378 1797 erit
388 1753 470 1797 codicis
480 1754 508 1797 ab
520 1753 542 1797 G.
552 1752 579 1796 [i.
586 1753 669 1796 cheto
683 1752 762 1797 eximia
773 1753 819 1796 dili-

101 1823 176 1878 gentia
184 1824 254 1866 denno
262 1823 335 1867 collati
343 1823 474 1881 scripturam
482 1823 603 1867 accuratius
612 1822 743 1880 cognovisse,
754 1839 818 1880 qnam

101 1893 133 1936 ita
148 1909 268 1951 proponam
283 1899 308 1937 ut
324 1894 444 1937 dissensum
456 1898 543 1937 tanturn
559 1894 586 1937 ab
598 1893 711 1936 Villoisoui
724 1893 818 1937 editione

101 1968 181 2014 notem,
193 1970 294 2008 accentus
308 1980 351 2007 nou
365 1980 481 2008 memorem
495 1965 535 2007 nisi
547 1965 583 2007 ubi
594 1980 637 2007 non
648 1971 725 2022 sponte
740 1964 818 2008 intelli-

100 2039 166 2091 gatur
177 2035 251 2092 quales
265 2050 311 2077 esse
325 2035 426 2086 debeant,
438 2035 538 2078 derebus
554 2041 627 2078 autern
642 2035 719 2078 ceteris
729 2050 777 2092 quae
789 2036 818 2079 ad

101 2104 278 2162 orthographiam
288 2105 399 2161 pertinent
410 2110 496 2148 tantum
507 2120 532 2147 eu
541 2104 625 2161 aliquot
634 2105 757 2162 rhapsodiis
767 2105 818 2148 affe-

101 2189 148 2217 ram
157 2179 262 2232 quantum
270 2174 363 2217 sufficiat
371 2174 457 2225 codicis,
463 2174 499 2231 qui
508 2175 530 2216 in
538 2175 579 2217 hoc
587 2189 665 2232 genere
676 2190 733 2232 saepe
740 2190 817 2232 parum

100 2243 140 2287 sibi
151 2249 244 2296 constat,
256 2244 432 2288 consuetudinem
442 2259 571 2303 cognoscere
581 2244 725 2302 cupientibus,
737 2260 784 2302 qnae
795 2245 817 2288 in

100 2315 207 2371 plerisque
219 2330 268 2357 cum
278 2319 375 2358 veterum
385 2315 533 2359 technicorum
548 2316 662 2373 praeceptis
673 2317 781 2368 convenit,
792 2323 817 2359 nt

101 2384 168 2427 codex
183 2384 343 2428 Laurentianus
359 2386 468 2443 Apollonii
482 2386 570 2437 Rhodii,
585 2387 645 2443 cujus
660 2386 687 2428 de
703 2386 816 2444 orthogra-

100 2454 152 2511 phia
162 2454 323 2498 accuratissime
333 2454 388 2499 dixit
400 2455 526 2499 Merlrelius.

131 2530 155 2566 A.
168 2526 187 2566 8.
198 2528 234 2576 §vu
245 2526 290 2578 ἕηκε
299 2524 442 2583 Villcisouus]
454 2525 538 2579 ξυυὲηκε
554 2525 629 2576 codex,
646 2525 723 2582 spiritu
737 2525 759 2567 iu
774 2540 817 2568 nie-

100 2592 136 2635 dic
147 2593 250 2637 vocabulo
264 2592 335 2650 posito
351 2594 385 2636 hic
398 2598 423 2637 ut
435 2594 486 2637 alibi
502 2609 545 2636 non
561 2609 618 2644 raro,
630 2609 671 2651 quo
683 2594 817 2637 Villoisonns

101 2663 203 2720 deceptus
214 2663 256 2706 duo
267 2664 392 2721 plerumque
400 2664 504 2707 vocabula
514 2679 540 2707 ex
551 2679 594 2707 uno
604 2665 661 2708 fecit.
685 2665 763 2708 Rarior
773 2666 816 2722 spi-

99 2732 154 2775 ritus
173 2732 232 2783 leuis,
250 2733 308 2777 velut
326 2735 432 2790 ἒσέρχεται
448 2738 469 2785 Ρ,
480 2746 527 2790 157.
542 2734 579 2777 ubi
592 2734 673 2777 Villois.
691 2737 711 2780 ἐς
729 2737 816 2791 ἔρχεται.

100 2817 120 2858 9.
132 2804 192 2857 ὁγὰρ
204 2804 271 2846 codex
281 2803 328 2846 hic:
346 2804 384 2846 sed
395 2817 426 2847 12.
439 2803 449 2846 b
461 2807 499 2859 γὰρ
510 2804 573 2846 etsie
587 2804 638 2847 alibi
651 2819 694 2847 non
707 2820 757 2849 raro
767 2820 815 2848 cum
