1936 3053
371 97 570 141 PRAEFATIO.
785 113 830 141 xxv

68 255 70 258 ,
114 211 172 267 107.)
184 208 220 254 έως
235 209 268 252 vel
286 209 323 252 ἕως
340 209 378 262 μέν
393 208 551 266 respondentes
568 207 609 251 sibi
627 207 695 251 habet
712 207 830 264 particulas

45 317 46 321 ,
111 281 178 335 τόφρα
188 280 217 323 δέ.

452 381 493 424 vv.
511 443 514 448 ι

140 499 161 537 2,
168 498 196 543 32
197 496 219 543 5.
230 487 265 528 ὅου
277 485 336 530 κλέος
345 485 414 528 otae
422 484 511 542 ὀλεῖται]
524 484 609 528 Eadem
619 484 752 542 pronominis
762 484 833 528 forma

111 556 196 599 duobus
211 555 258 599 aliis
273 555 295 598 in
310 555 362 598 locis
377 554 492 612 reperitur,
504 554 544 598 Od.
558 569 578 607 1,
588 566 622 611 70.
642 555 677 598 ὅου
696 554 767 609 κράτος
784 555 831 599 ἔσκε

110 626 214 681 μέγιστον,
233 630 256 669 et
273 625 295 668 in
314 625 432 668 Homerico
450 626 531 683 hymno
547 625 570 667 in
586 625 710 683 Apollinem
729 626 774 682 156.
792 626 830 668 ubi

111 697 187 740 eadem
197 710 245 753 quae
261 696 284 738 in
296 694 371 739 Iliadis
381 710 443 738 versu
454 696 521 738 verba
537 696 572 738 ὅου
589 695 649 739 κλέος
665 696 732 738 οὔποτ’
743 697 828 738 ὀλεῖται.

110 766 168 809 Eam
179 768 229 808 κατὰ
241 765 374 819 πλεονασμὸν
384 770 419 808 τοῦ
434 783 445 807 ο
457 780 497 822 pro
511 765 534 808 οὗ
548 764 630 808 dictam
643 778 746 807 essenon
759 764 829 807 solum

110 836 228 887 Eustathii
240 849 303 892 quem
312 850 332 877 v.
343 850 364 892 p.
373 849 421 892 230,
430 837 449 878 6.
464 846 527 892 1279,
534 847 579 892 52„
590 835 628 877 sed
639 834 760 877 Herodiani
773 835 828 878 adeo

110 906 182 964 opinio
198 905 246 958 fuit,
260 905 278 947 si
296 904 426 947 sententiam
441 905 487 962 ejus
504 909 564 948 recte
580 904 666 948 rettulit
676 904 751 962 Etym.
764 905 796 948 M.
806 919 828 961 p.

110 979 160 1031 614,
167 977 210 1033 36„
221 975 315 1018 absurde
325 975 472 1032 comparantis
482 976 550 1030 ὥροικο
560 979 583 1018 et
594 976 676 1030 ἑώρακα,
688 976 746 1032 quod
756 989 829 1017 recen-

109 1046 172 1089 tioris
181 1045 260 1103 linguae
266 1045 343 1088 vitium
353 1049 399 1087 est:
416 1060 467 1087 nam
475 1049 559 1088 veteres
569 1059 613 1087 una
623 1048 749 1088 constanter
758 1044 829 1088 forma

109 1116 143 1159 usi
161 1120 212 1159 sunt
230 1116 308 1170 ἑόρακα,
325 1115 352 1157 ab
369 1115 460 1157 Ionibus
478 1114 500 1157 in
517 1116 584 1170 ὥροικα
599 1118 718 1158 contracta.
750 1115 827 1171 Neque

109 1186 150 1229 hoc
169 1190 301 1243 aperuerunt
321 1185 462 1242 grammatici,
480 1185 537 1227 unde
558 1189 693 1242 compertum
710 1185 828 1228 habuerint

110 1257 169 1313 quod
184 1253 304 1311 antiquitus
322 1253 427 1311 scriptum
442 1258 490 1297 erat
506 1258 551 1303 00,
563 1255 598 1296 ὅου
616 1255 688 1311 potius
706 1254 827 1311 significare

110 1325 215 1384 quamdo.
246 1323 303 1366 Nam
313 1327 338 1365 ut
347 1323 416 1367 litera
432 1341 455 1366 οο
470 1323 492 1366 in
507 1323 581 1366 multis
591 1323 701 1367 vocabulis
716 1324 740 1366 in
756 1342 779 1367 οο
795 1324 827 1366 di-

109 1395 245 1453 phthongum
252 1393 417 1446 contuahuntur,
423 1393 456 1436 ita
464 1393 611 1450 diphthongus
619 1411 642 1435 ου
649 1393 694 1436 vice
701 1409 763 1436 versa
773 1394 795 1436 in
804 1412 827 1437 οο

110 1464 211 1508 solvenda
224 1466 333 1518 eratque
349 1461 415 1505 etiam
429 1462 518 1519 genitivi
534 1462 633 1505 secundae
650 1463 798 1506 declinationis
813 1479 828 1507 a

108 1532 180 1591 poetis
193 1531 215 1574 in
226 1539 258 1573 διο
268 1531 380 1574 terminati
396 1532 510 1582 ducebant,
522 1531 558 1588 qui
569 1531 622 1574 nihil
631 1532 690 1574 aliud
700 1538 751 1576 sunt
762 1548 827 1589 quam

109 1604 184 1646 formae
194 1601 217 1644 in
225 1618 248 1643 οο
256 1601 340 1652 solutae,
349 1601 387 1643 sed
397 1601 462 1643 metri
473 1615 549 1643 caussa
559 1600 605 1643 iota
615 1601 697 1644 inserto
707 1603 826 1659 productae,

109 1671 168 1715 velut
183 1670 244 1713 ἵππου
259 1671 320 1712 ίπποο
336 1670 418 1713 ἵπποισι
436 1683 484 1726 quae
501 1670 615 1726 productio
633 1670 700 1713 etiam
718 1670 827 1713 vocalibus

110 1758 131 1785 εο
147 1755 174 1784 ex
190 1757 213 1783 ου
229 1739 304 1782 solutis
318 1739 436 1782 adhibetur
451 1755 464 1782 a
480 1740 557 1796 poetis,
569 1739 627 1782 velut
641 1741 691 1793 ἐμοῦ
705 1740 751 1793 έμέο
765 1742 825 1793 ἐμεῖο.

108 1810 169 1853 Beue
186 1810 233 1852 haec
251 1809 323 1851 omnia
340 1809 452 1866 perspexit
470 1809 617 1852 Bnttmannus
636 1809 733 1852 Gramm.
749 1810 789 1852 vol.
807 1825 825 1853 1.

108 1896 130 1938 p.
138 1890 196 1937 305„
210 1879 251 1922 etsi
265 1893 309 1920 non
322 1878 383 1928 vidit,
399 1880 457 1936 quod
472 1880 610 1935 postmodum
625 1879 747 1922 observavit
758 1880 788 1922 H.
801 1880 826 1923 L.

109 1949 230 1992 Ahrensius
247 1948 270 1990 in
285 1947 397 1990 Ritschelii
416 1948 493 1990 Museo
511 1948 617 1991 Rhenano
628 1949 668 1990 vol.
680 1961 699 1990 ν.
711 1950 740 2002 (a.
756 1949 826 2006 1843.)

108 2034 130 2076 p.
141 2020 174 2071 16,
188 2032 254 2074 seqq„
272 2016 361 2074 genitivi
378 2017 437 2059 illam
455 2017 630 2059 terminationem
649 2018 672 2059 in
690 2036 713 2060 οο
732 2018 826 2061 solutam

108 2087 174 2131 etiam
188 2086 235 2129 aliis
248 2086 271 2127 in
284 2085 405 2127 nominibus
420 2090 442 2127 et
456 2085 598 2128 substantivis
608 2091 631 2128 et
643 2087 756 2142 adjectivis
772 2087 825 2129 obli-

108 2161 203 2201 teratam
218 2156 240 2198 in
255 2154 386 2198 carminibus
397 2154 518 2197 Homericis
531 2170 583 2207 esse,
595 2156 653 2198 velut
667 2156 689 2197 in
702 2156 825 2198 nominibus

108 2228 191 2278 Αἰόλου,
199 2227 331 2278 Ἀσκληπιοῦ,
341 2225 409 2279 Ἰλίου,
418 2227 501 2279 Ἰφίτου,
514 2227 592 2282 ἀγρίου,
601 2228 688 2280 ἀνεψιοῦ
697 2227 720 2268 in
727 2227 825 2269 versibus

109 2296 183 2353 quales
199 2300 251 2337 sunt
270 2294 407 2351 Od.10‚36.
425 2298 477 2348 δῶρα
495 2299 542 2348 παρ’
559 2297 634 2337 Αἰόλου
649 2296 824 2350 μεγαλήτορος-.

109 2364 134 2407 ll.
147 2378 167 2415 2,
178 2378 188 2418 7
191 2378 203 2420 3
210 2378 227 2406 1.
238 2369 277 2406 τῶν
288 2365 331 2406 οὗθ’
341 2365 439 2418 ἡγείσθην
449 2365 574 2417 Ἀσκληπιοῦ
585 2366 619 2407 δύο
630 2369 695 2407 παῖδε.
711 2365 738 2408 ll.
745 2379 778 2420 15,
788 2368 823 2408 66.

107 2434 171 2476 Ἰλίου
185 2433 344 2488 προπάροιθε-.
375 2433 400 2474 Π.
414 2446 433 2484 2,
448 2434 498 2489 518.
514 2434 567 2478 υἱέες
578 2436 655 2488 Ἰφίτου
671 2437 823 2489 μεγαθύμον-,

108 2502 135 2544 Il.
148 2515 182 2552 22,
193 2515 243 2559 313.
259 2503 337 2557 ἀγρίου,
348 2504 438 2556 πρόσθεν
454 2504 475 2544 δὲ
488 2502 550 2547 σάκος
560 2508 601 2545 etc.
643 2503 669 2544 ll.
682 2515 712 2559 15,
724 2517 736 2558 5
738 2513 774 2559 54.
791 2505 823 2545 ἐν.

107 2571 201 2626 τρέπεται
211 2573 275 2626 φίλον
284 2572 332 2625 ἦτορ
343 2573 431 2625 ἀνεψιοῦ
444 2570 555 2623 κταμένοιο.
588 2572 670 2624 Quibus
685 2572 708 2613 in
723 2572 823 2628 genitivis

107 2640 190 2696 syllaba
200 2640 319 2697 penultima
329 2641 435 2696 producta
445 2654 492 2681 esse
502 2640 565 2697 vulgo
577 2640 678 2692 creditur,
690 2640 740 2697 quia
751 2646 823 2684 metro

107 2709 171 2751 aliter
181 2709 281 2765 adaptari
290 2724 335 2751 non
345 2709 463 2765 potuerint,
472 2709 572 2765 opinione
579 2710 613 2751 vel
620 2715 735 2766 propterea
745 2725 822 2766 parum

106 2778 212 2833 probabili
224 2779 281 2835 qnod
292 2779 349 2821 nulla
359 2778 480 2821 istiusmodi
490 2779 656 2835 productionum
668 2780 766 2835 exempla
774 2779 821 2822 aliis
