<?xml version="1.0" encoding="UTF-8"?>
<!DOCTYPE html PUBLIC "-//W3C//DTD XHTML 1.0 Transitional//EN"
    "http://www.w3.org/TR/xhtml1/DTD/xhtml1-transitional.dtd">
<html xmlns="http://www.w3.org/1999/xhtml" xml:lang="en" lang="en">
 <head>
  <title>
</title>
<meta http-equiv="Content-Type" content="text/html;charset=utf-8" />
  <meta name='ocr-system' content='tesseract 3.04.00' />
  <meta name='ocr-capabilities' content='ocr_page ocr_carea ocr_par ocr_line ocrx_word'/>
</head>
<body>
  <div class='ocr_page' id='page_1' title='image "./MN40043ucmf_1_0060.png"; bbox 0 0 1936 3053; ppageno 0'>
   <div class='ocr_carea' id='block_1_1' title="bbox 159 109 612 148">
    <p class='ocr_par' dir='ltr' id='par_1_1' title="bbox 159 109 612 148">
     <span class='ocr_line' id='line_1_1' title="bbox 159 109 612 148; baseline 0.004 -2"><span class='ocrx_word' id='word_1_1' title='bbox 159 110 191 147; x_wconf 78' lang='lat' dir='ltr'>rvi</span> <span class='ocrx_word' id='word_1_2' title='bbox 425 110 447 147; x_wconf 83' lang='lat' dir='ltr'>F.</span> <span class='ocrx_word' id='word_1_3' title='bbox 461 109 612 148; x_wconf 72' lang='lat' dir='ltr'>AWOLFI</span> 
     </span>
    </p>
   </div>
   <div class='ocr_carea' id='block_1_2' title="bbox 158 216 951 268">
    <p class='ocr_par' dir='ltr' id='par_1_2' title="bbox 158 216 951 268">
     <span class='ocr_line' id='line_1_2' title="bbox 158 216 951 268; baseline 0.003 -15"><span class='ocrx_word' id='word_1_4' title='bbox 158 216 186 253; x_wconf 88' lang='lat' dir='ltr'>mi</span> <span class='ocrx_word' id='word_1_5' title='bbox 200 216 267 261; x_wconf 88' lang='lat' dir='ltr'>filium,</span> <span class='ocrx_word' id='word_1_6' title='bbox 284 216 370 266; x_wconf 86' lang='lat' dir='ltr'>quamvis</span> <span class='ocrx_word' id='word_1_7' title='bbox 385 218 490 268; x_wconf 80' lang='lat' dir='ltr'>supplicem</span> <span class='ocrx_word' id='word_1_8' title='bbox 505 219 594 266; x_wconf 84' lang='lat'>(34-13</span> <span class='ocrx_word' id='word_1_9' title='bbox 598 217 628 267; x_wconf 83' lang='lat'>5),</span> <span class='ocrx_word' id='word_1_10' title='bbox 643 230 690 255; x_wconf 81' lang='lat' dir='ltr'>mox</span> <span class='ocrx_word' id='word_1_11' title='bbox 704 221 724 255; x_wconf 90' lang='lat' dir='ltr'>et</span> <span class='ocrx_word' id='word_1_12' title='bbox 738 217 878 267; x_wconf 83' lang='lat' dir='ltr'>Asteropaeum,</span> <span class='ocrx_word' id='word_1_13' title='bbox 949 220 951 222; x_wconf 75' lang='grc'><strong>’</strong></span> 
     </span>
    </p>
   </div>
   <div class='ocr_carea' id='block_1_3' title="bbox 159 280 880 1406">
    <p class='ocr_par' dir='ltr' id='par_1_3' title="bbox 159 280 880 1406">
     <span class='ocr_line' id='line_1_3' title="bbox 159 280 877 332; baseline 0.001 -14"><span class='ocrx_word' id='word_1_14' title='bbox 159 281 227 319; x_wconf 91' lang='lat' dir='ltr'>ducem</span> <span class='ocrx_word' id='word_1_15' title='bbox 243 282 342 325; x_wconf 89' lang='lat' dir='ltr'>Paeonum,</span> <span class='ocrx_word' id='word_1_16' title='bbox 357 294 402 319; x_wconf 87' lang='lat' dir='ltr'>cum</span> <span class='ocrx_word' id='word_1_17' title='bbox 417 283 459 321; x_wconf 87' lang='lat' dir='ltr'>aliis</span> <span class='ocrx_word' id='word_1_18' title='bbox 473 282 530 332; x_wconf 88' lang='lat' dir='ltr'>hujus</span> <span class='ocrx_word' id='word_1_19' title='bbox 545 281 610 332; x_wconf 86' lang='lat' dir='ltr'>gentis</span> <span class='ocrx_word' id='word_1_20' title='bbox 625 281 722 326; x_wconf 90' lang='lat' dir='ltr'>interficit,</span> <span class='ocrx_word' id='word_1_21' title='bbox 737 280 805 318; x_wconf 84' lang='lat' dir='ltr'>Fluvio</span> <span class='ocrx_word' id='word_1_22' title='bbox 821 281 877 319; x_wconf 89' lang='lat' dir='ltr'>irriso</span> 
     </span>
     <span class='ocr_line' id='line_1_4' title="bbox 160 349 879 400; baseline 0.001 -15"><span class='ocrx_word' id='word_1_23' title='bbox 160 355 182 385; x_wconf 94' lang='lat' dir='ltr'>ut</span> <span class='ocrx_word' id='word_1_24' title='bbox 196 349 266 400; x_wconf 89' lang='lat' dir='ltr'>impari</span> <span class='ocrx_word' id='word_1_25' title='bbox 277 349 415 399; x_wconf 81' lang='lat' dir='ltr'>(136-2ro):</span> <span class='ocrx_word' id='word_1_26' title='bbox 432 351 543 400; x_wconf 86' lang='lat' dir='ltr'>caedemque</span> <span class='ocrx_word' id='word_1_27' title='bbox 557 349 689 393; x_wconf 80' lang='lat' dir='ltr'>continuabat,</span> <span class='ocrx_word' id='word_1_28' title='bbox 705 349 741 386; x_wconf 88' lang='lat' dir='ltr'>nisi</span> <span class='ocrx_word' id='word_1_29' title='bbox 756 349 847 387; x_wconf 77' lang='lat' dir='ltr'>Xanthus</span> <span class='ocrx_word' id='word_1_30' title='bbox 860 350 879 386; x_wconf 84' lang='lat' dir='ltr'>ri</span> 
     </span>
     <span class='ocr_line' id='line_1_5' title="bbox 161 417 879 468; baseline 0 -14"><span class='ocrx_word' id='word_1_31' title='bbox 161 417 276 455; x_wconf 83' lang='lat' dir='ltr'>cadaverum</span> <span class='ocrx_word' id='word_1_32' title='bbox 287 418 361 455; x_wconf 88' lang='lat' dir='ltr'>obstrui</span> <span class='ocrx_word' id='word_1_33' title='bbox 374 431 396 455; x_wconf 93' lang='lat' dir='ltr'>se</span> <span class='ocrx_word' id='word_1_34' title='bbox 405 419 472 456; x_wconf 92' lang='lat' dir='ltr'>dolens</span> <span class='ocrx_word' id='word_1_35' title='bbox 485 418 539 455; x_wconf 88' lang='lat' dir='ltr'>alveo</span> <span class='ocrx_word' id='word_1_36' title='bbox 552 430 596 454; x_wconf 88' lang='lat' dir='ltr'>eum</span> <span class='ocrx_word' id='word_1_37' title='bbox 608 418 701 455; x_wconf 77' lang='lat' dir='ltr'>excedere</span> <span class='ocrx_word' id='word_1_38' title='bbox 713 417 810 468; x_wconf 87' lang='lat' dir='ltr'>jussisset.</span> <span class='ocrx_word' id='word_1_39' title='bbox 840 417 879 455; x_wconf 81' lang='lat' dir='ltr'>Vix</span> 
     </span>
     <span class='ocr_line' id='line_1_6' title="bbox 160 484 879 536; baseline 0 -14"><span class='ocrx_word' id='word_1_40' title='bbox 160 491 278 529; x_wconf 77' lang='lat' dir='ltr'>excesserat,</span> <span class='ocrx_word' id='word_1_41' title='bbox 294 499 352 536; x_wconf 90' lang='lat' dir='ltr'>quum</span> <span class='ocrx_word' id='word_1_42' title='bbox 370 498 436 524; x_wconf 91' lang='lat' dir='ltr'>rursus</span> <span class='ocrx_word' id='word_1_43' title='bbox 452 486 522 529; x_wconf 90' lang='lat' dir='ltr'>insilit;</span> <span class='ocrx_word' id='word_1_44' title='bbox 541 490 561 522; x_wconf 80' lang='lat' dir='ltr'>at</span> <span class='ocrx_word' id='word_1_45' title='bbox 575 484 654 523; x_wconf 85' lang='lat' dir='ltr'>Fluvius</span> <span class='ocrx_word' id='word_1_46' title='bbox 671 499 715 523; x_wconf 91' lang='lat' dir='ltr'>eum</span> <span class='ocrx_word' id='word_1_47' title='bbox 734 485 773 522; x_wconf 89' lang='lat' dir='ltr'>suis</span> <span class='ocrx_word' id='word_1_48' title='bbox 788 485 879 523; x_wconf 89' lang='lat' dir='ltr'>fluctibus</span> 
     </span>
     <span class='ocr_line' id='line_1_7' title="bbox 161 552 879 604; baseline 0.003 -15"><span class='ocrx_word' id='word_1_49' title='bbox 161 565 250 603; x_wconf 84' lang='lat' dir='ltr'>mergere</span> <span class='ocrx_word' id='word_1_50' title='bbox 260 553 307 591; x_wconf 84' lang='lat' dir='ltr'>furit</span> <span class='ocrx_word' id='word_1_51' title='bbox 316 559 336 591; x_wconf 90' lang='lat' dir='ltr'>et</span> <span class='ocrx_word' id='word_1_52' title='bbox 345 566 444 603; x_wconf 88' lang='lat' dir='ltr'>egressum</span> <span class='ocrx_word' id='word_1_53' title='bbox 455 552 561 603; x_wconf 89' lang='lat' dir='ltr'>insequitur</span> <span class='ocrx_word' id='word_1_54' title='bbox 573 553 605 601; x_wconf 82' lang='lat'>(21</span> <span class='ocrx_word' id='word_1_55' title='bbox 613 554 709 604; x_wconf 79' lang='lat'>1-271).</span> <span class='ocrx_word' id='word_1_56' title='bbox 738 552 783 590; x_wconf 82' lang='lat' dir='ltr'>Iam</span> <span class='ocrx_word' id='word_1_57' title='bbox 792 553 812 590; x_wconf 92' lang='lat' dir='ltr'>in</span> <span class='ocrx_word' id='word_1_58' title='bbox 822 553 879 591; x_wconf 86' lang='lat' dir='ltr'>undis</span> 
     </span>
     <span class='ocr_line' id='line_1_8' title="bbox 160 619 879 671; baseline 0.001 -15"><span class='ocrx_word' id='word_1_59' title='bbox 160 619 243 658; x_wconf 87' lang='lat' dir='ltr'>luctanti</span> <span class='ocrx_word' id='word_1_60' title='bbox 252 620 303 658; x_wconf 91' lang='lat' dir='ltr'>vires</span> <span class='ocrx_word' id='word_1_61' title='bbox 317 620 391 658; x_wconf 90' lang='lat' dir='ltr'>addunt</span> <span class='ocrx_word' id='word_1_62' title='bbox 400 620 504 670; x_wconf 90' lang='lat' dir='ltr'>Neptunus</span> <span class='ocrx_word' id='word_1_63' title='bbox 517 625 537 657; x_wconf 91' lang='lat' dir='ltr'>et</span> <span class='ocrx_word' id='word_1_64' title='bbox 547 619 649 658; x_wconf 86' lang='lat' dir='ltr'>Minerva:</span> <span class='ocrx_word' id='word_1_65' title='bbox 667 620 748 658; x_wconf 82' lang='lat' dir='ltr'>Xantho</span> <span class='ocrx_word' id='word_1_66' title='bbox 763 625 835 664; x_wconf 83' lang='lat' dir='ltr'>autem,</span> <span class='ocrx_word' id='word_1_67' title='bbox 847 620 879 671; x_wconf 89' lang='lat' dir='ltr'>qui</span> 
     </span>
     <span class='ocr_line' id='line_1_9' title="bbox 162 685 879 738; baseline 0.006 -16"><span class='ocrx_word' id='word_1_68' title='bbox 162 685 254 726; x_wconf 86' lang='lat' dir='ltr'>irritatior</span> <span class='ocrx_word' id='word_1_69' title='bbox 267 687 325 725; x_wconf 89' lang='lat' dir='ltr'>etiam</span> <span class='ocrx_word' id='word_1_70' title='bbox 336 686 441 725; x_wconf 75' lang='lat' dir='ltr'>Simoentis</span> <span class='ocrx_word' id='word_1_71' title='bbox 454 700 510 737; x_wconf 91' lang='lat' dir='ltr'>opem</span> <span class='ocrx_word' id='word_1_72' title='bbox 525 687 608 731; x_wconf 88' lang='lat' dir='ltr'>invocat,</span> <span class='ocrx_word' id='word_1_73' title='bbox 620 687 718 725; x_wconf 86' lang='lat' dir='ltr'>aJunone</span> <span class='ocrx_word' id='word_1_74' title='bbox 731 687 822 738; x_wconf 84' lang='lat' dir='ltr'>objicitur</span> <span class='ocrx_word' id='word_1_75' title='bbox 832 687 879 726; x_wconf 86' lang='lat' dir='ltr'>Vul-</span> 
     </span>
     <span class='ocr_line' id='line_1_10' title="bbox 162 753 880 804; baseline 0.003 -13"><span class='ocrx_word' id='word_1_76' title='bbox 162 766 228 798; x_wconf 73' lang='lat' dir='ltr'>canus,</span> <span class='ocrx_word' id='word_1_77' title='bbox 239 755 271 804; x_wconf 87' lang='lat' dir='ltr'>qui</span> <span class='ocrx_word' id='word_1_78' title='bbox 286 768 375 804; x_wconf 89' lang='lat' dir='ltr'>campum</span> <span class='ocrx_word' id='word_1_79' title='bbox 388 761 407 793; x_wconf 87' lang='lat' dir='ltr'>et</span> <span class='ocrx_word' id='word_1_80' title='bbox 420 754 509 792; x_wconf 84' lang='lat' dir='ltr'>Fluvium</span> <span class='ocrx_word' id='word_1_81' title='bbox 522 753 584 792; x_wconf 80' lang='lat' dir='ltr'>exurit</span> <span class='ocrx_word' id='word_1_82' title='bbox 599 767 635 792; x_wconf 90' lang='lat' dir='ltr'>nec</span> <span class='ocrx_word' id='word_1_83' title='bbox 647 755 736 792; x_wconf 87' lang='lat' dir='ltr'>flammas</span> <span class='ocrx_word' id='word_1_84' title='bbox 751 754 828 792; x_wconf 87' lang='lat' dir='ltr'>cohibet</span> <span class='ocrx_word' id='word_1_85' title='bbox 842 755 880 793; x_wconf 90' lang='lat' dir='ltr'>nisi</span> 
     </span>
     <span class='ocr_line' id='line_1_11' title="bbox 162 820 879 872; baseline 0.004 -15"><span class='ocrx_word' id='word_1_86' title='bbox 162 821 230 859; x_wconf 90' lang='lat' dir='ltr'>eadem</span> <span class='ocrx_word' id='word_1_87' title='bbox 240 821 276 859; x_wconf 89' lang='lat' dir='ltr'>dea</span> <span class='ocrx_word' id='word_1_88' title='bbox 285 827 363 859; x_wconf 86' lang='lat' dir='ltr'>auctore</span> <span class='ocrx_word' id='word_1_89' title='bbox 373 821 509 871; x_wconf 71' lang='lat'>(272—384).</span> <span class='ocrx_word' id='word_1_90' title='bbox 533 820 628 859; x_wconf 89' lang='lat' dir='ltr'>Oriuutur</span> <span class='ocrx_word' id='word_1_91' title='bbox 636 821 705 859; x_wconf 89' lang='lat' dir='ltr'>deinde</span> <span class='ocrx_word' id='word_1_92' title='bbox 715 821 823 872; x_wconf 89' lang='lat' dir='ltr'>singulares</span> <span class='ocrx_word' id='word_1_93' title='bbox 833 835 879 860; x_wconf 92' lang='lat' dir='ltr'>con-</span> 
     </span>
     <span class='ocr_line' id='line_1_12' title="bbox 160 887 879 938; baseline 0.003 -14"><span class='ocrx_word' id='word_1_94' title='bbox 160 888 259 925; x_wconf 85' lang='lat' dir='ltr'>tentiones</span> <span class='ocrx_word' id='word_1_95' title='bbox 269 893 376 925; x_wconf 90' lang='lat' dir='ltr'>ceterorum</span> <span class='ocrx_word' id='word_1_96' title='bbox 384 887 470 931; x_wconf 89' lang='lat' dir='ltr'>deorum,</span> <span class='ocrx_word' id='word_1_97' title='bbox 478 887 555 931; x_wconf 88' lang='lat' dir='ltr'>Martis,</span> <span class='ocrx_word' id='word_1_98' title='bbox 564 887 665 932; x_wconf 85' lang='lat' dir='ltr'>Minervae,</span> <span class='ocrx_word' id='word_1_99' title='bbox 670 888 752 925; x_wconf 86' lang='lat' dir='ltr'>Veneris</span> <span class='ocrx_word' id='word_1_100' title='bbox 757 902 762 933; x_wconf 90' lang='lat'>;</span> <span class='ocrx_word' id='word_1_101' title='bbox 776 888 879 938; x_wconf 87' lang='lat' dir='ltr'>Apollinis,</span> 
     </span>
     <span class='ocr_line' id='line_1_13' title="bbox 161 953 879 1004; baseline 0.006 -14"><span class='ocrx_word' id='word_1_102' title='bbox 161 953 249 1004; x_wconf 87' lang='lat' dir='ltr'>Neptuni</span> <span class='ocrx_word' id='word_1_103' title='bbox 256 972 261 1002; x_wconf 78' lang='lat'><em>3</em></span> <span class='ocrx_word' id='word_1_104' title='bbox 277 955 366 998; x_wconf 80' lang='lat' dir='ltr'>Iunonis,</span> <span class='ocrx_word' id='word_1_105' title='bbox 377 954 456 999; x_wconf 75' lang='lat' dir='ltr'>Dranae3</span> <span class='ocrx_word' id='word_1_106' title='bbox 471 954 570 998; x_wconf 88' lang='lat' dir='ltr'>Mercurii,</span> <span class='ocrx_word' id='word_1_107' title='bbox 581 954 661 992; x_wconf 78' lang='lat' dir='ltr'>Latonae</span> <span class='ocrx_word' id='word_1_108' title='bbox 673 954 809 1004; x_wconf 76' lang='lat'>(385-513).</span> <span class='ocrx_word' id='word_1_109' title='bbox 832 955 879 994; x_wconf 85' lang='lat' dir='ltr'>Post</span> 
     </span>
     <span class='ocr_line' id='line_1_14' title="bbox 161 1020 878 1072; baseline 0.003 -14"><span class='ocrx_word' id='word_1_110' title='bbox 161 1020 203 1059; x_wconf 91' lang='lat' dir='ltr'>haec</span> <span class='ocrx_word' id='word_1_111' title='bbox 217 1022 237 1059; x_wconf 91' lang='lat' dir='ltr'>in</span> <span class='ocrx_word' id='word_1_112' title='bbox 251 1021 356 1072; x_wconf 80' lang='lat' dir='ltr'>Olympum</span> <span class='ocrx_word' id='word_1_113' title='bbox 370 1026 493 1060; x_wconf 88' lang='lat' dir='ltr'>revertuntur</span> <span class='ocrx_word' id='word_1_114' title='bbox 508 1021 533 1058; x_wconf 89' lang='lat' dir='ltr'>dii</span> <span class='ocrx_word' id='word_1_115' title='bbox 548 1026 619 1071; x_wconf 88' lang='lat' dir='ltr'>praeter</span> <span class='ocrx_word' id='word_1_116' title='bbox 630 1021 747 1071; x_wconf 87' lang='lat' dir='ltr'>Apollinem,</span> <span class='ocrx_word' id='word_1_117' title='bbox 758 1021 791 1070; x_wconf 90' lang='lat' dir='ltr'>qui</span> <span class='ocrx_word' id='word_1_118' title='bbox 800 1021 878 1071; x_wconf 86' lang='lat' dir='ltr'>Trojam</span> 
     </span>
     <span class='ocr_line' id='line_1_15' title="bbox 161 1086 878 1137; baseline 0.001 -13"><span class='ocrx_word' id='word_1_119' title='bbox 161 1099 228 1124; x_wconf 83' lang='lat' dir='ltr'>versus</span> <span class='ocrx_word' id='word_1_120' title='bbox 242 1088 313 1137; x_wconf 89' lang='lat' dir='ltr'>pergit,</span> <span class='ocrx_word' id='word_1_121' title='bbox 324 1088 369 1124; x_wconf 91' lang='lat' dir='ltr'>dum</span> <span class='ocrx_word' id='word_1_122' title='bbox 379 1087 465 1126; x_wconf 91' lang='lat' dir='ltr'>Achilles</span> <span class='ocrx_word' id='word_1_123' title='bbox 479 1088 530 1125; x_wconf 87' lang='lat' dir='ltr'>ferro</span> <span class='ocrx_word' id='word_1_124' title='bbox 544 1088 598 1125; x_wconf 84' lang='lat' dir='ltr'>saevit</span> <span class='ocrx_word' id='word_1_125' title='bbox 612 1100 647 1137; x_wconf 85' lang='lat' dir='ltr'>per</span> <span class='ocrx_word' id='word_1_126' title='bbox 660 1100 755 1136; x_wconf 89' lang='lat' dir='ltr'>campum,</span> <span class='ocrx_word' id='word_1_127' title='bbox 766 1086 813 1124; x_wconf 91' lang='lat' dir='ltr'>alios</span> <span class='ocrx_word' id='word_1_128' title='bbox 825 1100 878 1125; x_wconf 91' lang='lat' dir='ltr'>com-</span> 
     </span>
     <span class='ocr_line' id='line_1_16' title="bbox 160 1154 880 1205; baseline 0 -14"><span class='ocrx_word' id='word_1_129' title='bbox 160 1154 215 1204; x_wconf 92' lang='lat' dir='ltr'>pellit</span> <span class='ocrx_word' id='word_1_130' title='bbox 228 1154 248 1191; x_wconf 93' lang='lat' dir='ltr'>in</span> <span class='ocrx_word' id='word_1_131' title='bbox 263 1155 344 1198; x_wconf 90' lang='lat' dir='ltr'>urbem;</span> <span class='ocrx_word' id='word_1_132' title='bbox 363 1154 432 1204; x_wconf 86' lang='lat' dir='ltr'>quibus</span> <span class='ocrx_word' id='word_1_133' title='bbox 447 1160 523 1205; x_wconf 90' lang='lat' dir='ltr'>portam</span> <span class='ocrx_word' id='word_1_134' title='bbox 540 1154 613 1192; x_wconf 89' lang='lat' dir='ltr'>recludi</span> <span class='ocrx_word' id='word_1_135' title='bbox 627 1155 683 1205; x_wconf 86' lang='lat' dir='ltr'>jubet</span> <span class='ocrx_word' id='word_1_136' title='bbox 698 1154 786 1191; x_wconf 89' lang='lat' dir='ltr'>Priamus</span> <span class='ocrx_word' id='word_1_137' title='bbox 802 1156 880 1205; x_wconf 83' lang='lat'>(514—</span> 
     </span>
     <span class='ocr_line' id='line_1_17' title="bbox 161 1220 878 1272; baseline -0.001 -14"><span class='ocrx_word' id='word_1_138' title='bbox 161 1220 220 1271; x_wconf 77' lang='lat'>543).</span> <span class='ocrx_word' id='word_1_139' title='bbox 249 1221 280 1258; x_wconf 96' lang='lat' dir='ltr'>Illi</span> <span class='ocrx_word' id='word_1_140' title='bbox 290 1234 314 1259; x_wconf 92' lang='lat' dir='ltr'>ne</span> <span class='ocrx_word' id='word_1_141' title='bbox 325 1222 344 1258; x_wconf 92' lang='lat' dir='ltr'>in</span> <span class='ocrx_word' id='word_1_142' title='bbox 354 1221 401 1271; x_wconf 88' lang='lat' dir='ltr'>fuga</span> <span class='ocrx_word' id='word_1_143' title='bbox 411 1222 550 1272; x_wconf 86' lang='lat' dir='ltr'>opprimantur,</span> <span class='ocrx_word' id='word_1_144' title='bbox 562 1221 632 1271; x_wconf 89' lang='lat' dir='ltr'>Apollo</span> <span class='ocrx_word' id='word_1_145' title='bbox 643 1221 738 1259; x_wconf 91' lang='lat' dir='ltr'>Achillem</span> <span class='ocrx_word' id='word_1_146' title='bbox 747 1220 831 1271; x_wconf 91' lang='lat' dir='ltr'>primum</span> <span class='ocrx_word' id='word_1_147' title='bbox 841 1221 878 1258; x_wconf 89' lang='lat' dir='ltr'>im-</span> 
     </span>
     <span class='ocr_line' id='line_1_18' title="bbox 160 1287 879 1339; baseline 0 -14"><span class='ocrx_word' id='word_1_148' title='bbox 160 1289 219 1326; x_wconf 90' lang='lat' dir='ltr'>misso</span> <span class='ocrx_word' id='word_1_149' title='bbox 232 1289 324 1339; x_wconf 82' lang='lat' dir='ltr'>Agenore</span> <span class='ocrx_word' id='word_1_150' title='bbox 339 1288 424 1333; x_wconf 82' lang='lat' dir='ltr'>distinet,</span> <span class='ocrx_word' id='word_1_151' title='bbox 434 1302 479 1326; x_wconf 85' lang='lat' dir='ltr'>mox</span> <span class='ocrx_word' id='word_1_152' title='bbox 492 1289 533 1338; x_wconf 92' lang='lat' dir='ltr'>ipse</span> <span class='ocrx_word' id='word_1_153' title='bbox 544 1288 642 1338; x_wconf 83' lang='lat' dir='ltr'>Agenoris</span> <span class='ocrx_word' id='word_1_154' title='bbox 658 1288 721 1339; x_wconf 88' lang='lat' dir='ltr'>specie</span> <span class='ocrx_word' id='word_1_155' title='bbox 735 1288 815 1325; x_wconf 91' lang='lat' dir='ltr'>indutus</span> <span class='ocrx_word' id='word_1_156' title='bbox 829 1287 879 1325; x_wconf 85' lang='lat' dir='ltr'>fallit</span> 
     </span>
     <span class='ocr_line' id='line_1_19' title="bbox 159 1355 627 1406; baseline 0 -13"><span class='ocrx_word' id='word_1_157' title='bbox 159 1355 252 1406; x_wconf 81' lang='lat' dir='ltr'>fugiendo</span> <span class='ocrx_word' id='word_1_158' title='bbox 263 1361 283 1393; x_wconf 89' lang='lat' dir='ltr'>et</span> <span class='ocrx_word' id='word_1_159' title='bbox 293 1356 316 1393; x_wconf 90' lang='lat' dir='ltr'>ab</span> <span class='ocrx_word' id='word_1_160' title='bbox 326 1355 374 1393; x_wconf 90' lang='lat' dir='ltr'>urbe</span> <span class='ocrx_word' id='word_1_161' title='bbox 384 1355 479 1393; x_wconf 86' lang='lat' dir='ltr'>abstrahit</span> <span class='ocrx_word' id='word_1_162' title='bbox 490 1355 627 1406; x_wconf 83' lang='lat'>(544-611).</span> 
     </span>
    </p>
   </div>
   <div class='ocr_carea' id='block_1_4' title="bbox 485 1496 553 1533">
    <p class='ocr_par' dir='ltr' id='par_1_4' title="bbox 485 1496 553 1533">
     <span class='ocr_line' id='line_1_20' title="bbox 485 1496 553 1533; baseline -0.015 0"><span class='ocrx_word' id='word_1_163' title='bbox 485 1496 553 1533; x_wconf 89' lang='lat' dir='ltr'>XXII.</span> 
     </span>
    </p>
   </div>
   <div class='ocr_carea' id='block_1_5' title="bbox 158 1576 879 2560">
    <p class='ocr_par' dir='ltr' id='par_1_5' title="bbox 158 1576 879 2560">
     <span class='ocr_line' id='line_1_21' title="bbox 195 1576 878 1628; baseline -0.001 -11"><span class='ocrx_word' id='word_1_164' title='bbox 195 1578 283 1627; x_wconf 89' lang='lat' dir='ltr'>Uterque</span> <span class='ocrx_word' id='word_1_165' title='bbox 300 1576 396 1614; x_wconf 75' lang='lat' dir='ltr'>exercitus</span> <span class='ocrx_word' id='word_1_166' title='bbox 414 1590 434 1615; x_wconf 86' lang='lat' dir='ltr'>se</span> <span class='ocrx_word' id='word_1_167' title='bbox 451 1590 476 1615; x_wconf 84' lang='lat' dir='ltr'>er</span> <span class='ocrx_word' id='word_1_168' title='bbox 493 1591 561 1628; x_wconf 88' lang='lat' dir='ltr'>campo</span> <span class='ocrx_word' id='word_1_169' title='bbox 577 1577 597 1614; x_wconf 90' lang='lat' dir='ltr'>in</span> <span class='ocrx_word' id='word_1_170' title='bbox 614 1582 678 1615; x_wconf 92' lang='lat' dir='ltr'>tutum</span> <span class='ocrx_word' id='word_1_171' title='bbox 697 1583 802 1628; x_wconf 84' lang='lat' dir='ltr'>receperat,</span> <span class='ocrx_word' id='word_1_172' title='bbox 820 1591 878 1627; x_wconf 90' lang='lat' dir='ltr'>quum</span> 
     </span>
     <span class='ocr_line' id='line_1_22' title="bbox 161 1643 879 1696; baseline 0.001 -14"><span class='ocrx_word' id='word_1_173' title='bbox 161 1645 258 1683; x_wconf 90' lang='lat' dir='ltr'>Achillem</span> <span class='ocrx_word' id='word_1_174' title='bbox 273 1643 406 1696; x_wconf 92' lang='lat' dir='ltr'>persequendo</span> <span class='ocrx_word' id='word_1_175' title='bbox 418 1643 510 1693; x_wconf 85' lang='lat' dir='ltr'>Apolline</span> <span class='ocrx_word' id='word_1_176' title='bbox 523 1644 637 1682; x_wconf 89' lang='lat' dir='ltr'>redeuutem</span> <span class='ocrx_word' id='word_1_177' title='bbox 650 1645 702 1682; x_wconf 88' lang='lat' dir='ltr'>solus</span> <span class='ocrx_word' id='word_1_178' title='bbox 715 1649 782 1682; x_wconf 90' lang='lat' dir='ltr'>manet</span> <span class='ocrx_word' id='word_1_179' title='bbox 797 1644 879 1689; x_wconf 88' lang='lat' dir='ltr'>Hector,</span> 
     </span>
     <span class='ocr_line' id='line_1_23' title="bbox 161 1709 878 1762; baseline -0.001 -12"><span class='ocrx_word' id='word_1_180' title='bbox 161 1712 273 1762; x_wconf 84' lang='lat' dir='ltr'>parentibus</span> <span class='ocrx_word' id='word_1_181' title='bbox 290 1723 315 1748; x_wconf 86' lang='lat' dir='ltr'>ex</span> <span class='ocrx_word' id='word_1_182' title='bbox 332 1723 387 1747; x_wconf 91' lang='lat' dir='ltr'>muro</span> <span class='ocrx_word' id='word_1_183' title='bbox 404 1710 494 1748; x_wconf 83' lang='lat' dir='ltr'>flebiliter</span> <span class='ocrx_word' id='word_1_184' title='bbox 508 1710 643 1748; x_wconf 81' lang='lat' dir='ltr'>revocantibus</span> <span class='ocrx_word' id='word_1_185' title='bbox 659 1709 754 1762; x_wconf 87' lang='lat'>(1—89).</span> <span class='ocrx_word' id='word_1_186' title='bbox 785 1710 878 1750; x_wconf 81' lang='lat' dir='ltr'>Frustra:</span> 
     </span>
     <span class='ocr_line' id='line_1_24' title="bbox 161 1776 877 1827; baseline -0.001 -11"><span class='ocrx_word' id='word_1_187' title='bbox 161 1778 206 1816; x_wconf 86' lang='lat' dir='ltr'>hinc</span> <span class='ocrx_word' id='word_1_188' title='bbox 216 1778 268 1816; x_wconf 93' lang='lat' dir='ltr'>enim</span> <span class='ocrx_word' id='word_1_189' title='bbox 283 1777 350 1827; x_wconf 92' lang='lat' dir='ltr'>pudor,</span> <span class='ocrx_word' id='word_1_190' title='bbox 360 1776 405 1814; x_wconf 87' lang='lat' dir='ltr'>hinc</span> <span class='ocrx_word' id='word_1_191' title='bbox 420 1776 452 1814; x_wconf 88' lang='lat' dir='ltr'>alii</span> <span class='ocrx_word' id='word_1_192' title='bbox 465 1777 545 1814; x_wconf 85' lang='lat' dir='ltr'>affectus</span> <span class='ocrx_word' id='word_1_193' title='bbox 558 1776 612 1813; x_wconf 93' lang='lat' dir='ltr'>illum</span> <span class='ocrx_word' id='word_1_194' title='bbox 624 1777 668 1814; x_wconf 92' lang='lat' dir='ltr'>loco</span> <span class='ocrx_word' id='word_1_195' title='bbox 681 1777 749 1814; x_wconf 86' lang='lat' dir='ltr'>cedere</span> <span class='ocrx_word' id='word_1_196' title='bbox 763 1777 877 1826; x_wconf 90' lang='lat' dir='ltr'>prohibent;</span> 
     </span>
     <span class='ocr_line' id='line_1_25' title="bbox 161 1840 878 1895; baseline -0.003 -13"><span class='ocrx_word' id='word_1_197' title='bbox 161 1845 254 1895; x_wconf 90' lang='lat' dir='ltr'>adspectu</span> <span class='ocrx_word' id='word_1_198' title='bbox 268 1849 334 1881; x_wconf 91' lang='lat' dir='ltr'>tamen</span> <span class='ocrx_word' id='word_1_199' title='bbox 343 1843 379 1880; x_wconf 85' lang='lat' dir='ltr'>viri</span> <span class='ocrx_word' id='word_1_200' title='bbox 394 1843 498 1881; x_wconf 86' lang='lat' dir='ltr'>exterritus</span> <span class='ocrx_word' id='word_1_201' title='bbox 512 1843 568 1892; x_wconf 84' lang='lat' dir='ltr'>fugit,</span> <span class='ocrx_word' id='word_1_202' title='bbox 582 1842 696 1892; x_wconf 85' lang='lat' dir='ltr'>insequente</span> <span class='ocrx_word' id='word_1_203' title='bbox 711 1855 754 1880; x_wconf 92' lang='lat' dir='ltr'>eum</span> <span class='ocrx_word' id='word_1_204' title='bbox 764 1840 841 1880; x_wconf 90' lang='lat' dir='ltr'>Achille</span> <span class='ocrx_word' id='word_1_205' title='bbox 856 1856 878 1880; x_wconf 88' lang='lat' dir='ltr'>ac</span> 
     </span>
     <span class='ocr_line' id='line_1_26' title="bbox 160 1908 878 1961; baseline -0.003 -12"><span class='ocrx_word' id='word_1_206' title='bbox 160 1918 191 1949; x_wconf 91' lang='lat' dir='ltr'>ter</span> <span class='ocrx_word' id='word_1_207' title='bbox 201 1912 273 1948; x_wconf 91' lang='lat' dir='ltr'>circum</span> <span class='ocrx_word' id='word_1_208' title='bbox 286 1909 358 1947; x_wconf 88' lang='lat' dir='ltr'>moenia</span> <span class='ocrx_word' id='word_1_209' title='bbox 369 1914 440 1959; x_wconf 81' lang='lat' dir='ltr'>agente</span> <span class='ocrx_word' id='word_1_210' title='bbox 452 1909 574 1961; x_wconf 71' lang='grc' dir='ltr'><strong>(ρο-166).</strong></span> <span class='ocrx_word' id='word_1_211' title='bbox 603 1908 657 1947; x_wconf 91' lang='lat' dir='ltr'>Inter</span> <span class='ocrx_word' id='word_1_212' title='bbox 667 1909 709 1946; x_wconf 88' lang='lat' dir='ltr'>haec</span> <span class='ocrx_word' id='word_1_213' title='bbox 718 1909 730 1946; x_wconf 94' lang='lat' dir='ltr'><strong>J</strong></span> <span class='ocrx_word' id='word_1_214' title='bbox 732 1908 807 1958; x_wconf 89' lang='lat' dir='ltr'>uppiter</span> <span class='ocrx_word' id='word_1_215' title='bbox 816 1909 878 1947; x_wconf 88' lang='lat' dir='ltr'>vicem</span> 
     </span>
     <span class='ocr_line' id='line_1_27' title="bbox 161 1975 877 2024; baseline 0 -10"><span class='ocrx_word' id='word_1_216' title='bbox 161 1977 252 2015; x_wconf 89' lang='lat' dir='ltr'>Hectoris</span> <span class='ocrx_word' id='word_1_217' title='bbox 266 1976 367 2013; x_wconf 88' lang='lat' dir='ltr'>miseratus</span> <span class='ocrx_word' id='word_1_218' title='bbox 377 1976 457 2013; x_wconf 89' lang='lat' dir='ltr'>tentatis</span> <span class='ocrx_word' id='word_1_219' title='bbox 466 1976 550 2013; x_wconf 85' lang='lat' dir='ltr'>fatorum</span> <span class='ocrx_word' id='word_1_220' title='bbox 563 1975 650 2012; x_wconf 88' lang='lat' dir='ltr'>lancibus</span> <span class='ocrx_word' id='word_1_221' title='bbox 660 1975 688 2012; x_wconf 93' lang='lat' dir='ltr'>illi</span> <span class='ocrx_word' id='word_1_222' title='bbox 698 1988 765 2012; x_wconf 90' lang='lat' dir='ltr'>necem</span> <span class='ocrx_word' id='word_1_223' title='bbox 779 1977 877 2024; x_wconf 88' lang='lat' dir='ltr'>appendit,</span> 
     </span>
     <span class='ocr_line' id='line_1_28' title="bbox 160 2040 878 2094; baseline -0.004 -12"><span class='ocrx_word' id='word_1_224' title='bbox 160 2058 217 2094; x_wconf 89' lang='lat' dir='ltr'>quern</span> <span class='ocrx_word' id='word_1_225' title='bbox 232 2044 256 2081; x_wconf 92' lang='lat' dir='ltr'>ab</span> <span class='ocrx_word' id='word_1_226' title='bbox 268 2043 359 2093; x_wconf 88' lang='lat' dir='ltr'>Apolline</span> <span class='ocrx_word' id='word_1_227' title='bbox 374 2043 439 2080; x_wconf 90' lang='lat' dir='ltr'>statim</span> <span class='ocrx_word' id='word_1_228' title='bbox 455 2043 551 2080; x_wconf 91' lang='lat' dir='ltr'>desertum</span> <span class='ocrx_word' id='word_1_229' title='bbox 567 2042 657 2079; x_wconf 89' lang='lat' dir='ltr'>Minerva</span> <span class='ocrx_word' id='word_1_230' title='bbox 672 2042 735 2092; x_wconf 91' lang='lat' dir='ltr'>specie</span> <span class='ocrx_word' id='word_1_231' title='bbox 750 2040 814 2078; x_wconf 81' lang='lat' dir='ltr'>fratris</span> <span class='ocrx_word' id='word_1_232' title='bbox 829 2041 878 2080; x_wconf 90' lang='lat' dir='ltr'>De&#39;i·</span> 
     </span>
     <span class='ocr_line' id='line_1_29' title="bbox 159 2108 877 2160; baseline -0.004 -11"><span class='ocrx_word' id='word_1_233' title='bbox 159 2111 219 2160; x_wconf 90' lang='lat' dir='ltr'>phobi</span> <span class='ocrx_word' id='word_1_234' title='bbox 229 2111 253 2148; x_wconf 90' lang='lat' dir='ltr'>ad</span> <span class='ocrx_word' id='word_1_235' title='bbox 263 2110 393 2148; x_wconf 88' lang='lat' dir='ltr'>dimicandum</span> <span class='ocrx_word' id='word_1_236' title='bbox 405 2110 494 2147; x_wconf 89' lang='lat' dir='ltr'>hortatur</span> <span class='ocrx_word' id='word_1_237' title='bbox 506 2108 642 2158; x_wconf 72' lang='lat'><em>(167-247).</em></span> <span class='ocrx_word' id='word_1_238' title='bbox 672 2109 702 2146; x_wconf 85' lang='lat' dir='ltr'>lta</span> <span class='ocrx_word' id='word_1_239' title='bbox 715 2108 784 2145; x_wconf 77' lang='lat' dir='ltr'>heroes</span> <span class='ocrx_word' id='word_1_240' title='bbox 795 2121 877 2157; x_wconf 90' lang='lat' dir='ltr'>congre-</span> 
     </span>
     <span class='ocr_line' id='line_1_30' title="bbox 160 2175 878 2227; baseline -0.001 -13"><span class='ocrx_word' id='word_1_241' title='bbox 160 2177 239 2215; x_wconf 92' lang='lat' dir='ltr'>diuntur</span> <span class='ocrx_word' id='word_1_242' title='bbox 255 2176 348 2227; x_wconf 87' lang='lat' dir='ltr'>singulari</span> <span class='ocrx_word' id='word_1_243' title='bbox 366 2176 478 2219; x_wconf 87' lang='lat' dir='ltr'>certamine,</span> <span class='ocrx_word' id='word_1_244' title='bbox 491 2176 511 2212; x_wconf 89' lang='lat' dir='ltr'>in</span> <span class='ocrx_word' id='word_1_245' title='bbox 525 2189 562 2225; x_wconf 87' lang='lat' dir='ltr'>quo</span> <span class='ocrx_word' id='word_1_246' title='bbox 577 2175 668 2213; x_wconf 78' lang='lat' dir='ltr'>MInerva</span> <span class='ocrx_word' id='word_1_247' title='bbox 683 2175 777 2212; x_wconf 87' lang='lat' dir='ltr'>Achillem</span> <span class='ocrx_word' id='word_1_248' title='bbox 791 2187 878 2224; x_wconf 90' lang='lat' dir='ltr'>praesens</span> 
     </span>
     <span class='ocr_line' id='line_1_31' title="bbox 159 2240 878 2293; baseline -0.004 -12"><span class='ocrx_word' id='word_1_249' title='bbox 159 2243 245 2293; x_wconf 87' lang='lat' dir='ltr'>adjuvat,</span> <span class='ocrx_word' id='word_1_250' title='bbox 252 2243 358 2280; x_wconf 90' lang='lat' dir='ltr'>Hectorem</span> <span class='ocrx_word' id='word_1_251' title='bbox 369 2242 430 2280; x_wconf 89' lang='lat' dir='ltr'>atroci</span> <span class='ocrx_word' id='word_1_252' title='bbox 438 2242 482 2279; x_wconf 92' lang='lat' dir='ltr'>dolo</span> <span class='ocrx_word' id='word_1_253' title='bbox 491 2241 564 2278; x_wconf 89' lang='lat' dir='ltr'>deludit</span> <span class='ocrx_word' id='word_1_254' title='bbox 573 2241 678 2290; x_wconf 81' lang='lat'>(248-30</span> <span class='ocrx_word' id='word_1_255' title='bbox 680 2241 708 2291; x_wconf 86' lang='lat'>5).</span> <span class='ocrx_word' id='word_1_256' title='bbox 729 2240 815 2278; x_wconf 89' lang='lat' dir='ltr'>Tandem</span> <span class='ocrx_word' id='word_1_257' title='bbox 825 2240 878 2278; x_wconf 91' lang='lat' dir='ltr'>huuc</span> 
     </span>
     <span class='ocr_line' id='line_1_32' title="bbox 159 2306 877 2358; baseline -0.004 -10"><span class='ocrx_word' id='word_1_258' title='bbox 159 2311 244 2348; x_wconf 81' lang='lat' dir='ltr'>maxima</span> <span class='ocrx_word' id='word_1_259' title='bbox 259 2309 383 2348; x_wconf 87' lang='lat' dir='ltr'>contentione</span> <span class='ocrx_word' id='word_1_260' title='bbox 397 2312 518 2358; x_wconf 85' lang='lat' dir='ltr'>pugnantem</span> <span class='ocrx_word' id='word_1_261' title='bbox 533 2307 618 2344; x_wconf 89' lang='lat' dir='ltr'>Achilles</span> <span class='ocrx_word' id='word_1_262' title='bbox 631 2308 688 2345; x_wconf 86' lang='lat' dir='ltr'>hasta</span> <span class='ocrx_word' id='word_1_263' title='bbox 701 2306 806 2356; x_wconf 87' lang='lat' dir='ltr'>transfigit,</span> <span class='ocrx_word' id='word_1_264' title='bbox 820 2307 877 2345; x_wconf 90' lang='lat' dir='ltr'>armis</span> 
     </span>
     <span class='ocr_line' id='line_1_33' title="bbox 159 2372 877 2426; baseline -0.008 -12"><span class='ocrx_word' id='word_1_265' title='bbox 159 2376 235 2426; x_wconf 84' lang='lat' dir='ltr'>spoliat,</span> <span class='ocrx_word' id='word_1_266' title='bbox 246 2375 378 2413; x_wconf 85' lang='lat' dir='ltr'>insultandum</span> <span class='ocrx_word' id='word_1_267' title='bbox 391 2374 540 2422; x_wconf 78' lang='lat' dir='ltr'>foedandamque</span> <span class='ocrx_word' id='word_1_268' title='bbox 554 2373 626 2422; x_wconf 79' lang='lat' dir='ltr'>praebet</span> <span class='ocrx_word' id='word_1_269' title='bbox 636 2373 682 2415; x_wconf 90' lang='lat' dir='ltr'>suis,</span> <span class='ocrx_word' id='word_1_270' title='bbox 693 2378 712 2410; x_wconf 91' lang='lat' dir='ltr'>et</span> <span class='ocrx_word' id='word_1_271' title='bbox 722 2372 823 2423; x_wconf 87' lang='lat' dir='ltr'>religatum</span> <span class='ocrx_word' id='word_1_272' title='bbox 835 2384 877 2409; x_wconf 91' lang='lat' dir='ltr'>cur-</span> 
     </span>
     <span class='ocr_line' id='line_1_34' title="bbox 158 2438 877 2490; baseline -0.008 -9"><span class='ocrx_word' id='word_1_273' title='bbox 158 2456 182 2481; x_wconf 90' lang='lat' dir='ltr'>ru</span> <span class='ocrx_word' id='word_1_274' title='bbox 192 2444 216 2481; x_wconf 88' lang='lat' dir='ltr'>ad</span> <span class='ocrx_word' id='word_1_275' title='bbox 226 2442 329 2480; x_wconf 86' lang='lat' dir='ltr'>stationem</span> <span class='ocrx_word' id='word_1_276' title='bbox 343 2441 421 2478; x_wconf 81' lang='lat' dir='ltr'>navium</span> <span class='ocrx_word' id='word_1_277' title='bbox 431 2445 495 2490; x_wconf 89' lang='lat' dir='ltr'>raptat</span> <span class='ocrx_word' id='word_1_278' title='bbox 506 2439 640 2488; x_wconf 75' lang='lat'>(306-404).</span> <span class='ocrx_word' id='word_1_279' title='bbox 670 2439 762 2477; x_wconf 91' lang='lat' dir='ltr'>Hectoris</span> <span class='ocrx_word' id='word_1_280' title='bbox 772 2438 802 2475; x_wconf 90' lang='lat' dir='ltr'>sui</span> <span class='ocrx_word' id='word_1_281' title='bbox 811 2438 877 2476; x_wconf 85' lang='lat' dir='ltr'>interi·</span> 
     </span>
     <span class='ocr_line' id='line_1_35' title="bbox 159 2507 878 2560; baseline -0.006 -13"><span class='ocrx_word' id='word_1_282' title='bbox 159 2515 201 2547; x_wconf 88' lang='lat' dir='ltr'>tum</span> <span class='ocrx_word' id='word_1_283' title='bbox 210 2510 273 2560; x_wconf 88' lang='lat' dir='ltr'>plorat</span> <span class='ocrx_word' id='word_1_284' title='bbox 281 2508 344 2546; x_wconf 89' lang='lat' dir='ltr'>omnis</span> <span class='ocrx_word' id='word_1_285' title='bbox 352 2507 426 2550; x_wconf 83' lang='lat' dir='ltr'>civitas,</span> <span class='ocrx_word' id='word_1_286' title='bbox 432 2507 564 2544; x_wconf 86' lang='lat' dir='ltr'>lamentantur</span> <span class='ocrx_word' id='word_1_287' title='bbox 571 2518 596 2542; x_wconf 80' lang='lat' dir='ltr'>ex</span> <span class='ocrx_word' id='word_1_288' title='bbox 606 2519 661 2543; x_wconf 86' lang='lat' dir='ltr'>muro</span> <span class='ocrx_word' id='word_1_289' title='bbox 669 2511 778 2556; x_wconf 89' lang='lat' dir='ltr'>spectantes</span> <span class='ocrx_word' id='word_1_290' title='bbox 788 2511 878 2555; x_wconf 90' lang='lat' dir='ltr'>parentes</span> 
     </span>
    </p>
   </div>
   <div class='ocr_carea' id='block_1_6' title="bbox 160 2574 613 2622">
    <p class='ocr_par' dir='ltr' id='par_1_6' title="bbox 160 2574 613 2622">
     <span class='ocr_line' id='line_1_36' title="bbox 160 2574 613 2622; baseline -0.013 -8"><span class='ocrx_word' id='word_1_291' title='bbox 160 2582 179 2613; x_wconf 90' lang='lat' dir='ltr'>et</span> <span class='ocrx_word' id='word_1_292' title='bbox 189 2577 247 2614; x_wconf 87' lang='lat' dir='ltr'>domo</span> <span class='ocrx_word' id='word_1_293' title='bbox 258 2576 321 2614; x_wconf 83' lang='lat' dir='ltr'>excita</span> <span class='ocrx_word' id='word_1_294' title='bbox 330 2574 468 2613; x_wconf 89' lang='lat' dir='ltr'>Andromache</span> <span class='ocrx_word' id='word_1_295' title='bbox 477 2574 613 2622; x_wconf 82' lang='lat'>(405—515).</span> 
     </span>
    </p>
   </div>
   <div class='ocr_carea' id='block_1_7' title="bbox 479 2701 557 2738">
    <p class='ocr_par' dir='ltr' id='par_1_7' title="bbox 479 2701 557 2738">
     <span class='ocr_line' id='line_1_37' title="bbox 479 2701 557 2738; baseline 0 0"><span class='ocrx_word' id='word_1_296' title='bbox 479 2701 557 2738; x_wconf 83' lang='lat' dir='ltr'>XXIII.</span> 
     </span>
    </p>
   </div>
   <div class='ocr_carea' id='block_1_8' title="bbox 159 2783 878 2904">
    <p class='ocr_par' dir='ltr' id='par_1_8' title="bbox 159 2783 878 2904">
     <span class='ocr_line' id='line_1_38' title="bbox 161 2783 877 2840; baseline -0.007 -14"><span class='ocrx_word' id='word_1_297' title='bbox 161 2812 163 2814; x_wconf 96' lang='lat'>-</span> <span class='ocrx_word' id='word_1_298' title='bbox 191 2788 326 2840; x_wconf 85' lang='lat' dir='ltr'>Myrmidones</span> <span class='ocrx_word' id='word_1_299' title='bbox 343 2787 394 2824; x_wconf 88' lang='lat' dir='ltr'>circa</span> <span class='ocrx_word' id='word_1_300' title='bbox 409 2785 493 2824; x_wconf 89' lang='lat' dir='ltr'>Patrocli</span> <span class='ocrx_word' id='word_1_301' title='bbox 509 2786 580 2822; x_wconf 89' lang='lat' dir='ltr'>lectum</span> <span class='ocrx_word' id='word_1_302' title='bbox 597 2784 617 2820; x_wconf 90' lang='lat' dir='ltr'>in</span> <span class='ocrx_word' id='word_1_303' title='bbox 632 2783 690 2821; x_wconf 89' lang='lat' dir='ltr'>armis</span> <span class='ocrx_word' id='word_1_304' title='bbox 706 2783 811 2820; x_wconf 88' lang='lat' dir='ltr'>decurrunt</span> <span class='ocrx_word' id='word_1_305' title='bbox 827 2796 877 2833; x_wconf 90' lang='lat' dir='ltr'>prae-</span> 
     </span>
     <span class='ocr_line' id='line_1_39' title="bbox 159 2850 878 2904; baseline -0.011 -10"><span class='ocrx_word' id='word_1_306' title='bbox 159 2863 216 2894; x_wconf 92' lang='lat' dir='ltr'>eunte</span> <span class='ocrx_word' id='word_1_307' title='bbox 227 2855 309 2896; x_wconf 87' lang='lat' dir='ltr'>Achille.</span> <span class='ocrx_word' id='word_1_308' title='bbox 321 2854 352 2904; x_wconf 92' lang='lat' dir='ltr'>qui</span> <span class='ocrx_word' id='word_1_309' title='bbox 363 2853 431 2891; x_wconf 87' lang='lat' dir='ltr'>iisdem</span> <span class='ocrx_word' id='word_1_310' title='bbox 445 2866 491 2890; x_wconf 76' lang='lat' dir='ltr'>mox</span> <span class='ocrx_word' id='word_1_311' title='bbox 501 2852 578 2901; x_wconf 90' lang='lat' dir='ltr'>epulum</span> <span class='ocrx_word' id='word_1_312' title='bbox 590 2850 671 2888; x_wconf 86' lang='lat' dir='ltr'>funebre</span> <span class='ocrx_word' id='word_1_313' title='bbox 684 2850 764 2900; x_wconf 77' lang='lat' dir='ltr'>praebet,</span> <span class='ocrx_word' id='word_1_314' title='bbox 776 2850 816 2899; x_wconf 87' lang='lat' dir='ltr'>ipse</span> <span class='ocrx_word' id='word_1_315' title='bbox 827 2850 878 2900; x_wconf 88' lang='lat' dir='ltr'>apud</span> 
     </span>
    </p>
   </div>
   <div class='ocr_carea' id='block_1_9' title="bbox 0 0 972 3053">
    <p class='ocr_par' dir='ltr' id='par_1_9' title="bbox 0 0 972 3053">
     <span class='ocr_line' id='line_1_40' title="bbox 0 0 972 3053; baseline 0 0"><span class='ocrx_word' id='word_1_316' title='bbox 0 0 972 3053; x_wconf 95' lang='lat' dir='ltr'> </span> 
     </span>
    </p>
   </div>
  </div>
 </body>
</html>
