1868 3053
314 731 461 775 ADDENDA
478 731 516 775 ΕΤ
532 731 737 775 CORRIGENDA.

141 945 144 949 ⁴
194 950 218 988 lu
228 949 316 1001 Odyssea
326 964 387 1001 nuper
397 951 449 989 edita
460 963 476 995 1,
488 963 535 1000 341·
546 958 566 988 et
577 963 609 999 13,
621 964 667 1001 255.
678 952 711 988 αἰεὶ
721 952 753 1000 etl]
766 951 827 988 Recta
836 950 883 989 seri-

165 1022 222 1068 ptura
232 1017 269 1055 αἰὲν
279 1018 301 1055 ἐνὶ
311 1023 347 1056 est.
375 1017 429 1055 Nam
438 1017 471 1055 ubi
485 1018 539 1055 brevi
549 1017 622 1068 syllaba
632 1030 680 1067 opus
690 1022 769 1055 estnon
779 1017 884 1067 diphthon-

166 1097 213 1134 gum
221 1084 328 1135 corripiunt
335 1085 390 1135 epici.
399 1084 434 1122 sed
444 1086 505 1123 altera
513 1085 576 1122 forma
586 1085 621 1122 atel
629 1090 716 1122 utuntur.
737 1084 812 1122 Eodem
820 1097 884 1122 errore

165 1151 224 1202 vulgo
235 1152 267 1189 αἰεὶ
278 1152 320 1201 ἐμήν
329 1151 352 1189 ll.
363 1164 382 1202 9,
393 1163 441 1201 322.
467 1152 527 1189 Recte
537 1164 583 1189 vero
593 1152 629 1189 αἰέν
638 1152 658 1189 iu
667 1151 716 1189 locis
726 1150 825 1197 similibus,
832 1151 885 1189 velut

166 1217 190 1256 ll.
200 1231 231 1263 11,
241 1230 287 1268 154.
300 1218 344 1267 178.
357 1218 403 1269 784.
423 1231 453 1267 13,
465 1230 512 1269 357.
523 1218 571 1266 386.
593 1230 624 1266 23,
635 1218 682 1256 821.

197 1296 213 1327 1,
224 1296 271 1334 351.
281 1292 329 1336 352.
340 1285 586 1333 ἔπικλείουσ’-ὰκῡυᾶντεσσι]
599 1283 672 1321 Veram
686 1283 790 1321 lectionem
800 1283 883 1334 {opput-

165 1351 317 1389 oud—dumam
326 1364 350 1389 ex
358 1351 438 1390 Platone
448 1351 524 1389 restitui
535 1364 593 1402 supra
602 1365 621 1401 p.
629 1352 655 1389 vi.
674 1350 781 1402 Vulgatum
789 1356 819 1388 est
826 1350 884 1388 etiam

165 1430 196 1467 ap.
206 1417 290 1467 Longin.
301 1418 379 1468 Fragm.
390 1431 409 1468 3,
421 1431 437 1456 1.
448 1431 468 1468 p.
479 1417 524 1456 160.
537 1418 567 1457 ed,
575 1418 660 1456 Weisk.:
676 1418 710 1456 sed
721 1418 759 1455 duo
772 1424 836 1455 tamen
852 1430 884 1455 co-

166 1484 218 1522 dices
229 1485 255 1532 (v.
264 1483 339 1524 Weisk.
354 1499 372 1535 p.
384 1485 440 1534 628.)
452 1485 547 1522 ἀῑέντεσσι.
580 1485 681 1523 Productae
699 1485 778 1535 syllabae
795 1485 884 1522 secundae

166 1551 218 1589 aliud
232 1553 342 1602 exemplum
354 1553 438 1591 fortasse
446 1552 483 1590 fuit
492 1552 513 1590 iu
522 1552 565 1590 loeo
578 1559 641 1602 poetae
651 1565 676 1590 ex
686 1565 724 1602 quo
740 1552 826 1602 glossam
835 1553 885 1596 ἀείως

166 1619 235 1656 sumsit
245 1618 363 1669 Hesychius.

195 1698 213 1729 2,
225 1687 258 1735 36.
269 1692 289 1724 et
299 1699 317 1736 9,
329 1698 376 1736 377.
392 1687 516 1736 Πεισίστρατον
527 1692 546 1723 et
560 1687 623 1735 ἀναδύῃ
639 1697 713 1723 errores
728 1684 835 1734 typothetae
849 1698 884 1735 pro

166 1754 290 1802 Πεισίστρατος
299 1758 319 1790 et
328 1755 392 1798 ἀναδύη
403 1750 499 1801 (optativo
508 1752 584 1800 modo).

195 1831 214 1869 9,
224 1831 272 1867 302.
284 1826 304 1856 et
313 1831 344 1869 19,
355 1819 403 1865 480.
413 1819 463 1868 χεῖρ’]
476 1817 530 1856 Male
540 1830 632 1855 excusum
641 1829 676 1867 pro
686 1814 726 1867 χείρ’
737 1816 759 1864 (i.
768 1831 783 1856 e.
794 1817 850 1868 χειρί).

193 1885 217 1922 ln
227 1885 384 1924 annotationibus
395 1884 444 1923 adde
454 1898 471 1928 1,
485 1896 515 1932 24.
526 1888 540 1921 of
549 1884 623 1932 μὲν-οἵ
633 1883 656 1932 δ’]
671 1883 764 1932 ἠμὲν-ἠδ
775 1884 843 1922 Crates
853 1897 883 1935 ap.

165 1951 257 1991 Strabou.
269 1965 285 1990 1.
295 1966 314 2003 P·
325 1965 358 2001 30.
369 1963 404 2000 31.
415 1950 476 2000 (conf.
489 1964 507 1989 2.
518 1965 537 2001 p.
549 1952 604 1998 103.)
690 1960 708 2000 5,
721 1963 767 2001 290.
781 1952 844 2001 ἐλάαν]
869 1967 883 2002 ρ.

165 2022 217 2057 {aaut
233 2033 251 2057 v.
262 2019 321 2057 schol.
332 2018 355 2057 ll.
366 2024 389 2063 N,
401 2030 447 2069 315.
620 2062 622 2068 ¹

193 2086 212 2132 8,
226 2099 257 2125 20.
271 2082 328 2136 ἐνηέα]
345 2083 412 2133 Ἐνηέα,
426 2084 506 2123 nomine
522 2082 607 2134 propriu,
621 2082 687 2121 Zoilus
702 2096 733 2134 ap.
749 2083 809 2121 schol.
825 2083 850 2121 Il.
863 2088 882 2130 P,

167 2165 213 2201 204.
305 2165 336 2199 10,
347 2151 395 2202 465.
406 2150 593 2200 πέποσθε-πέπασθε]
606 2149 689 2201 corrige
697 2150 883 2188 πέπασθε-πέποσθε,

165 2218 211 2256 Vid.
222 2218 279 2257 adll.
290 2230 309 2268 3,
320 2231 353 2269 99.
380 2259 382 2261 ‚
442 2231 472 2268 15,
485 2220 666 2268 25Ι.νοθευέταιιν.
677 2217 738 2255 schol.
750 2217 772 2254 Il.
784 2222 804 2262 t,
818 2228 863 2266 235.
