1936 3053
156 115 231 154 xrxviii
421 117 442 155 F.
449 117 475 155 A.
487 117 514 156 W
522 117 540 154 O
548 117 566 155 L
575 115 592 154 F
601 116 609 153 l

157 230 176 262 et
185 224 275 262 Minerva
282 225 315 274 (71
322 236 329 261 r
335 227 424 276 —777):
441 238 463 263 ac
472 238 520 262 voce
527 223 610 261 lunonis
620 223 683 260 denuo
693 222 803 259 incenditur
810 223 873 265 turba,

156 291 254 329 Minervae
265 297 329 329 antem
340 292 415 330 monitu
425 298 445 330 et
454 293 514 329 ductu
523 291 629 329 Diomedes
639 290 702 340 ipsum
710 290 796 327 Martem
805 289 873 326 vulne-

155 366 186 398 rat
197 360 332 410 (ΠΒ-863),
344 359 409 409 quiex
420 372 487 409 campo
498 363 577 408 repente
590 358 615 394 ad
625 356 731 408 Olympum
741 358 797 402 redit,
808 357 873 407 ibique

156 433 241 474 sanatur,
252 426 376 476 sequentibus
386 427 444 465 etiam
455 426 527 463 deabus
538 424 673 476 (864—909).

494 543 530 581 VI.

183 629 310 679 Trojanorum
324 630 364 667 acie
375 629 395 667 in
409 630 474 682 fugam
483 629 589 666 inclinante
600 627 689 666 Helenus
699 634 752 666 vates
763 627 871 665 Hectorem

155 696 245 733 bortatur
257 702 279 734 ut
291 697 387 747 publicam
398 697 552 735 obsecrationem
562 695 658 734 Minervae
670 696 690 733 in
705 709 749 733 arce
761 695 871 733 habendam

154 763 227 801 indicat
242 764 349 812 (1—101),
378 764 433 815 Ergo
445 764 468 809 is,
483 763 572 801 celeriter
586 762 676 800 restituto
688 762 762 812 proelio,
773 761 838 812 pergit
850 761 870 798 in

154 830 234 868 urbem:
250 830 270 868 in
286 844 309 869 eo
323 830 390 881 proelio
406 831 510 869 Diomedes
525 835 544 868 et
556 829 647 873 Glaucus,
663 830 702 867 dux
719 829 830 880 Lyciorum,
846 828 870 866 ad

154 903 253 937 certamen
267 898 371 948 progressi,
381 899 491 949 priusquam
504 910 573 935 manus
586 902 717 942 consererent,
730 901 810 946 paterna
819 896 870 933 inter

154 977 175 1002 se
189 965 273 1017 hospitia
285 965 387 1009 recordati,
397 966 448 1003 facta
462 978 559 1003 armorum
573 964 722 1014 permutatione,
733 964 810 1001 dextras
823 963 869 1013 jun-

153 1038 203 1082 gunt
218 1032 353 1081 (roa—236).
383 1033 464 1070 Hecuba
478 1038 498 1070 et
511 1037 579 1070 ceterae
591 1036 691 1076 matronae,
708 1031 732 1068 de
744 1030 836 1068 Hectoris
849 1036 869 1067 et

152 1113 254 1149 procerum
265 1099 395 1149 Trojanorum
409 1100 494 1143 consilio,
509 1099 586 1150 peplum
601 1099 621 1136 in
634 1099 695 1137 aedem
710 1098 806 1136 illinervae
820 1097 869 1135 infe.

152 1172 204 1211 runt,
215 1172 297 1216 votaque
307 1180 342 1216 pro
352 1167 413 1205 salute
426 1167 492 1217 patriae
503 1170 615 1216 nuncupant
626 1166 760 1215 (237·—311).
788 1164 868 1202 Interim

152 1233 229 1272 Hector
242 1234 295 1271 domi
309 1233 429 1272 desidentem
445 1234 533 1272 Paridem
548 1234 670 1284 objurgando
683 1233 703 1270 in
718 1232 779 1270 aciem
794 1231 869 1269 reducit

153 1300 293 1351 (312—368):
308 1314 389 1339 uxorem
400 1301 556 1343 Andromachen,
567 1301 587 1337 in
600 1300 673 1338 aedibus
688 1300 727 1337 suis
736 1300 807 1337 frustra
817 1312 868 1348 quae-

151 1367 214 1412 sitam,
224 1368 303 1405 tandem
318 1368 365 1406 urbe
380 1369 482 1419 egrediens
497 1368 521 1406 ad
535 1373 611 1418 portam
622 1368 695 1406 Scaeam
705 1381 744 1405 una
754 1380 797 1405 curn
808 1379 868 1416 puero

152 1434 269 1484 Astyanacte
279 1435 356 1472 obviam
368 1435 428 1473 habet
442 1441 499 1485 atque
514 1435 603 1472 ultimum
615 1434 718 1485 alloquitur
729 1433 867 1485 (369-502).

151 1499 201 1537 Mox
211 1500 290 1538 fratrem
300 1501 320 1538 in
330 1501 361 1538 via
371 1507 456 1539 armatus
466 1500 590 1550 consequitur
600 1501 653 1538 Paris
665 1499 801 1551 (503-529).

486 1618 532 1655 VH.

178 1700 270 1744 Achivos,
286 1701 346 1750 aequis
361 1702 424 1739 adhuc
437 1714 471 1739 seu
487 1701 584 1751 prosperis
601 1702 659 1739 armis
676 1706 778 1745 certantes,
796 1706 867 1751 urgent

151 1767 227 1805 Hector
236 1772 256 1805 et
265 1767 319 1804 Paris
328 1768 349 1804 in
358 1768 447 1818 proelinm
459 1769 531 1806 reversi
542 1768 641 1817 (1-16):
657 1769 708 1818 quod
718 1774 739 1805 ut
749 1769 828 1805 tandem
838 1768 867 1805 di.

149 1834 237 1878 rimatur,
249 1834 273 1872 de
283 1834 378 1872 Minervae
388 1841 408 1873 et
417 1836 513 1885 Apollinis
527 1835 613 1879 consilio,
625 1835 735 1885 Helenique
750 1848 813 1878 suasu,
826 1834 866 1871 for.

149 1901 235 1939 tissimus
250 1901 331 1951 quisque
346 1902 369 1939 ab
380 1903 466 1940 Hectore
480 1903 505 1940 ad
519 1916 604 1953 pugnam
620 1902 737 1953 singularem
751 1907 867 1951 provocatur

150 1969 258 2019 (17—91).
288 1968 407 2014 Menelaum,
418 1970 450 2019 qui
460 1983 481 2008 se
491 1970 574 2008 alacrem
587 1970 678 2016 ostendit,
689 1969 757 2012 ceteris
773 1974 864 2005 cunctan-

148 2035 207 2079 tibus,
219 2035 303 2073 deterret
312 2034 436 2086 Agamemno
447 2037 574 2088 (92—122);
589 2049 642 2081 mor,
653 2050 664 2074 a
674 2037 759 2074 Nestore
771 2034 865 2085 instigati,

149 2107 232 2152 snrgunt
246 2102 270 2139 ad
281 2102 411 2140 dimicandum
425 2117 496 2141 novem
510 2104 587 2147 heroes,
598 2104 699 2154 exquibus
713 2103 771 2141 sortis
785 2108 866 2140 eventus

148 2168 239 2219 designat
245 2168 326 2218 Ajacem
333 2169 466 2207 Telamonium
475 2172 580 2220 (123-20
581 2174 611 2221 5).
626 2170 783 2220 Oongrediuntnr
791 2170 866 2207 Hector

147 2240 168 2272 et
177 2235 233 2284 Ajax,
244 2236 352 2285 acriterque
367 2236 485 2286 depugnant,
499 2237 561 2275 donec
575 2237 611 2274 sub
620 2243 704 2280 noctem,
715 2237 787 2274 viribus
802 2247 864 2285 pares,

148 2301 198 2338 datis
207 2301 291 2338 invicem
301 2302 419 2346 muneribus,
431 2303 533 2340 discedunt
541 2302 676 2353 (206—312).
701 2303 724 2340 In
734 2302 795 2352 epulis
802 2301 864 2351 publi-

147 2368 175 2405 cis
184 2367 260 2405 Nestor
268 2373 334 2406 censet
342 2381 423 2419 corpora
432 2382 525 2407 caesorum
534 2369 644 2420 sepelienda
651 2375 671 2407 et
677 2375 740 2407 castra
749 2368 863 2406 munienda:

147 2434 168 2472 in
182 2434 310 2484 Trojanorurn
325 2435 418 2473 concione
432 2437 533 2480 Antenori,
547 2436 600 2486 pacis
612 2441 631 2473 et
647 2437 726 2474 Helenae
740 2449 783 2473 cum
796 2434 864 2484 opibus

147 2500 272 2538 restituendae
282 2502 362 2545 auctori,
372 2503 477 2552 respondet
486 2503 545 2547 Paris,
556 2503 604 2540 nibil
613 2516 634 2540 se
643 2509 714 2553 praeter
724 2516 776 2554 opes,
787 2502 822 2539 sed
832 2514 864 2538 eas

147 2567 230 2616 propriis
237 2568 324 2617 adjectis,
335 2569 455 2607 redditurum
465 2569 602 2619 (313—364).
618 2570 669 2608 Illud
678 2583 792 2620 responsum
802 2569 863 2606 altero

147 2633 179 2670 die
194 2633 281 2671 Priamus
296 2635 320 2671 ad
334 2635 418 2673 Achivos
433 2636 520 2685 perferri,
531 2641 594 2686 atque,
610 2642 632 2673 ut
645 2638 774 2687 Trojauorum
788 2647 863 2685 quoque

147 2712 229 2749 corpora
243 2707 358 2744 crementur,
372 2702 458 2740 inducias
472 2703 516 2740 iniri
528 2703 584 2753 jubet
595 2703 729 2752 (365-420).
760 2703 807 2740 Post
820 2702 863 2740 haec
929 2715 931 2718 ’

145 2766 265 2816 sepulturam
273 2774 341 2805 curant
350 2769 426 2819 utrique
437 2783 521 2814 snorum,
534 2770 590 2807 simul
599 2769 668 2807 Achivi
679 2770 754 2808 navalia
763 2783 798 2807 sua
807 2782 862 2807 muro

145 2832 236 2882 fossaque
246 2833 339 2883 cingunt;
355 2847 397 2884 quaa
408 2849 467 2885 opera
479 2836 583 2885 Neptunus
596 2836 647 2874 inter
661 2838 708 2875 deos
723 2850 762 2874 non
777 2837 818 2875 sine
832 2837 860 2874 in-
