1936 3053
364 109 571 148 SUMMARIA.
785 108 826 146 xliii

110 222 146 267 (40
148 220 252 269 5—5oo):
267 217 345 256 tandem
355 217 383 255 illi
393 231 429 255 nec
440 217 520 268 dispersi
533 217 626 255 recedunt
639 215 690 253 intra
700 215 776 254 ordines
790 230 824 255 na-

108 285 166 331 vium,
176 285 188 323 'a
198 285 267 335 quibus
277 285 328 334 Ajax
339 284 463 322 Telamonius
478 290 536 322 conto
551 289 636 322 armatus
651 283 716 333 ignem
732 283 824 328 defendit,

108 365 146 401 quo
158 352 199 402 jam
210 352 287 391 Hector
300 365 369 389 navem
380 352 480 390 Protesilai
492 365 512 389 se
525 357 637 390 exustururn
653 351 737 389 minatur
748 353 825 402 (591—

108 419 164 469 746l·

435 498 491 537 XVI.

134 581 223 619 Patroclo
234 581 344 632 deprecanti
354 581 450 632 permittit
460 581 544 619 Achilles
554 581 593 619 suis
604 586 623 618 et
633 581 691 618 armis
701 586 720 619 et
730 582 790 632 copiis
800 584 824 620 ad

106 661 193 699 pugnam
208 649 261 686 exire
271 662 294 687 ea
302 649 346 699 lege
356 654 377 686 ut
387 648 484 698 Trojanos
496 662 508 686 a
518 649 599 687 navibus
612 648 708 698 depulisse
721 656 823 688 contentus

106 715 175 766 majori
190 729 215 753 ne
230 729 250 753 se
264 715 349 766 periculo
365 716 443 766 objiciat
459 703 577 765 (1—100).-
598 715 642 753 Jam
657 715 699 766 ipse
713 716 823 755 debilitatus

106 784 154 834 Ajar
169 783 246 820 obstare
261 796 301 820 non
313 783 373 820 valuit
387 783 432 833 quin
447 783 498 833 ignis
512 783 616 821 inferretur
629 782 674 820 navi
685 784 821 834 (ror—123.)

107 850 152 896 Quo
162 850 203 888 viso
218 850 303 889 Achilles
316 850 367 887 ultro
381 850 463 888 amicum
477 850 497 887 in
511 863 564 887 arma
576 855 638 894 vocat,
653 850 730 888 ordines
744 864 822 889 suorum

106 918 190 963 instruit,
208 919 317 969 alloquitur,
337 918 429 956 libatione
446 923 465 955 et
481 918 570 968 precibus
586 917 633 955 fusis
650 917 729 956 dimittit
745 920 823 968 (124—

107 986 163 1036 256).
189 987 276 1037 Repente
286 992 400 1035 conspectus
407 985 554 1036 Myrmidonum
565 985 633 1023 ductor
643 991 776 1024 consternatos
786 987 822 1024 ho.

106 1058 145 1091 stes
154 1054 235 1091 Achillis
249 1052 312 1103 specie
324 1052 379 1096 fallit,
390 1065 459 1090 navem
470 1052 613 1102 oppugnatione
626 1051 701 1095 liberat,
711 1052 821 1091 incendium

105 1121 209 1171 restinguit
225 1121 367 1171 (257—305);
384 1119 472 1169 proelium
489 1120 551 1169 primo
568 1118 677 1162 committit,
694 1120 744 1169 apud
761 1134 820 1158 naves

105 1199 150 1225 mox
168 1200 220 1225 caeco
239 1198 310 1237 pavore
328 1186 425 1236 fugientes
444 1199 500 1235 supra
517 1186 587 1223 vallum
604 1190 623 1222 et
640 1198 700 1235 usque
716 1186 741 1224 ad
758 1189 820 1238 campi

106 1260 172 1304 aperta
190 1254 287 1304 compellit
303 1252 443 1302 (306—4rss);
462 1253 530 1290 deinde
547 1265 663 1302 congressus
680 1252 820 1303 Sarpedonem,

104 1321 159 1359 Jovis
169 1321 235 1363 filium,
246 1319 329 1370 perimit,
338 1319 399 1356 ultore
410 1318 467 1356 caedis
477 1319 543 1356 relicto
552 1319 626 1356 Glauco
635 1320 710 1369 (419—
714 1321 771 1370 507).
801 1320 820 1358 Is

104 1400 148 1425 oum
159 1387 246 1425 Hectore
258 1393 278 1424 et
290 1386 331 1423 aliis
340 1385 468 1435 Trojanorum
482 1385 536 1435 gravi
549 1385 654 1423 certamine
664 1385 746 1424 *achivis
760 1388 821 1437 spolia

104 1454 249 1492 detrahentibus
264 1465 334 1502 corpus
348 1451 465 1501 Sarpedonis
480 1451 574 1501 eripiunt3
592 1452 643 1501 quod
655 1452 710 1501 jussu
723 1453 778 1490 Jovis
792 1454 820 1491 lo-

103 1525 145 1558 tum
156 1526 273 1569 unctumque
282 1517 355 1568 Apollo
365 1523 430 1555 tuetur
442 1518 465 1555 ab
477 1518 543 1555 amicis
558 1518 577 1555 in
590 1517 668 1568 Lyciam
679 1519 819 1569 deportandum

104 1587 239 1638 (508-683).
269 1585 305 1623 lllo
318 1598 383 1622 rerum
397 1597 487 1622 successu
501 1585 556 1622 ferox
571 1584 673 1623 Patroclus
686 1586 781 1636 Trojauos
796 1588 820 1625 ad

103 1653 171 1691 urbem
187 1652 313 1703 persequitur,
328 1664 442 1700 murumque
458 1652 499 1701 ejus
515 1651 595 1696 scandit,
611 1652 645 1689 sed
660 1653 684 1690 ab
700 1654 768 1691 eodem
783 1654 819 1692 deo

103 1720 212 1759 detruditur
226 1720 367 1770 (684—711);
385 1724 450 1757 tamen
466 1719 547 1757 Hectori
564 1732 630 1757 rursus
647 1720 727 1759 irruenti
743 1722 820 1760 fortiter

103 1787 186 1832 obsistit,
200 1788 287 1838 aurigam
302 1787 343 1836 ejus
354 1786 470 1824 Cehrionem
485 1792 548 1831 necat,
564 1786 666 1837 spoliatum
678 1788 761 1827 cadaver
775 1790 818 1827 abs-

103 1855 163 1892 trahit
173 1854 313 1905 (712—782);
330 1853 412 1902 denique
427 1853 535 1902 complures
545 1853 635 1891 exturba
648 1854 746 1899 interficit,
758 1856 819 1893 donec

103 1921 166 1971 ipsum
176 1921 195 1958 vi
204 1920 300 1972 Apollinis
312 1921 415 1958 attonitum
424 1925 444 1957 et
453 1920 511 1957 armis
521 1926 600 1958 exutum
612 1921 727 1971 Euphorbus
739 1923 818 1968 sauciat,

104 1987 180 2025 Hector
189 1987 299 2038 prosternit,
307 1987 339 2037 qui
349 1993 368 2024 et
376 1985 519 2024 Automedonti
527 1987 587 2025 instat
595 1986 677 2025 Achillis
687 2002 764 2027 currum
773 2003 818 2039 pro-

102 2067 148 2104 pere
158 2055 182 2092 ad
191 2068 250 2092 naves
261 2054 326 2106 agenti
337 2054 472 2104 (783-867).

427 2173 493 2211 XVII.

130 2258 201 2297 Occiso
211 2257 303 2296 Patroclo
316 2270 370 2295 arma
382 2257 517 2295 detrahentem
529 2258 654 2308 Euphorbum
670 2258 761 2297 interficit
773 2260 817 2298 Me.

101 2325 168 2363 nelaus
179 2325 279 2377 (2-60):
296 2324 373 2363 Hector
386 2330 450 2363 autem
462 2326 556 2375 Apollinis
571 2326 646 2363 monitu
660 2326 684 2363 ah
698 2327 817 2377 insequendo

101 2391 247 2429 Automedonte
256 2404 344 2430 reversus
354 2391 432 2429 exuuias
443 2391 511 2438 aufert,
520 2392 566 2429 dum
574 2391 677 2429 Menelaus
684 2393 766 2442 Ajacem
777 2408 817 2431 rna-

100 2456 164 2505 jorem
174 2457 198 2493 ad
208 2457 289 2495 cadaver
298 2457 392 2494 tuendum
402 2458 481 2495 arcessit
487 2473 492 2500 ;
509 2458 554 2507 quin
563 2458 611 2495 illud
621 2471 696 2507 quoque
708 2460 817 2497 mutilatum

101 2521 218 2565 abstulisset,
228 2523 266 2560 nisi
276 2522 324 2572 Ajax
334 2523 447 2561 accurrisset
456 2524 575 2575 (or—139).
605 2523 662 2574 Ajaci
672 2525 722 2562 cedit
731 2525 816 2570 Hect0r;

102 2590 136 2627 sed
147 2590 215 2628 Glauci
225 2591 360 2641 objurgatione
371 2592 480 2630 stimulatus
489 2605 536 2630 mox
545 2592 627 2630 Achillis
637 2594 695 2630 armis
706 2595 817 2644 superbiens

101 2656 152 2694 redit
164 2657 189 2694 ad
202 2671 272 2707 corpus
286 2658 412 2708 eripiendum,
425 2672 447 2697 ac
458 2659 586 2697 fortissimum
596 2672 691 2709 quemque
704 2673 783 2698 suorum
797 2662 817 2698 in

101 2724 182 2761 eandem
196 2738 282 2775 pugnam
297 2725 395 2769 accendit3
412 2726 468 2763 simul
483 2726 596 2763 aMenelao
612 2727 712 2764 convocati
727 2728 817 2765 advolant

101 2790 229 2828 strenuissimi
239 2790 370 2829 Archivorum
382 2792 517 2843 (140—261).
547 2792 579 2831 Sic
590 2806 628 2830 uno
640 2793 659 2830 in
672 2794 715 2831 loco
725 2793 817 2831 acerrima

100 2855 223 2895 dimicatione
235 2864 278 2897 orta
290 2859 393 2896 Menelaus
406 2866 425 2897 et
439 2859 514 2897 Hector
528 2874 572 2898 curn
586 2860 667 2898 catervis
683 2866 763 2910 uterque
778 2863 816 2898 suis
