1936 3053
122 105 183 148 xxxii
381 106 581 149 PRAEFATIO.

122 213 218 268 οἰνοχόει,
229 213 328 266 άπτησαν,
342 213 457 267 ὁπλίζοντο,
471 213 595 268 ὁρμήθησαν,
607 212 657 255 licet·
673 213 749 256 eadem
764 213 797 257 vel
813 213 841 257 si-

122 281 182 326 milia
191 284 258 326 verba
273 283 324 326 alibi
339 298 383 326 non
397 298 448 326 raro
458 298 507 325 cum
522 282 683 340 augmentove]
695 283 795 326 omnibus
808 285 842 328 vel

122 353 231 410 plerisque
253 353 276 396 in
299 353 408 396 codicibus
428 353 508 410 scripta
529 352 580 404 sint,
596 353 655 396 velut
676 354 731 396 εἷλκε
751 355 840 409 ἀνεῖλκε,

122 423 199 478 ἦλφον,
210 424 287 477 ήντετο,
299 424 378 477 ἥπτετο,
389 422 449 481 ᾕρεον
459 421 504 481 ᾕρει
515 421 590 477 ᾑρεῖτο,
605 422 661 478 ἤρκει
675 423 754 478 ήρκεσε,
769 423 842 478 ἤρτυεν

122 493 218 547 ἠρττίνετο
226 494 343 548 ἠρτύνοντο,
350 493 453 546 ᾐτιόωντο,
461 491 544 549 ᾤκηθεν,
552 494 663 545 ὡπλίζοντο
670 495 795 547 ὡπλίσσατο,
801 497 841 539 ὤπ-

123 580 188 616 τησαν
200 564 278 614 ὤπτων,
289 565 365 617 ὡρμᾶτο
381 564 474 617 ὡρμῶντο
491 563 576 617 ὡρμήθη.
609 563 692 618 Quibus
707 565 793 609 infinita
808 581 842 609 ac-

124 633 182 676 cedit
199 634 314 676 verborum
326 634 354 675 ab
369 637 486 690 augmento
502 633 605 690 syllabico
622 634 773 692 incipientium
787 637 839 679 mul-

124 702 203 754 titudo,
214 702 237 744 in
248 717 290 761 quc
301 702 410 745 codicibus
420 718 464 745 non
479 703 527 759 plus
541 703 593 746 fidei
605 708 638 747 est
650 719 715 761 quarn
725 705 747 747 in
758 709 842 763 tempo-

124 772 171 816 rali.
202 774 319 816 Auxerunt
333 773 521 830 perturbationem
531 778 615 817 veteres
631 775 774 832 grammatici,
791 791 842 833 quo-

124 864 173 891 rum
188 849 231 900 alii,
247 853 273 892 ut
288 850 414 893 Zenodotus
429 849 544 907 Ephesius,
557 855 699 908 augmentum
715 852 765 895 addi
777 868 842 910 quam

124 919 197 962 omitti
212 920 341 971 maluerunt,
359 919 402 971 alii,
419 935 511 977 quorum
528 920 628 978 princeps
645 921 786 964 Aristarchus
801 928 841 975 est,

124 990 162 1033 ubi
172 990 238 1033 metri
248 990 306 1048 leges
317 1005 360 1032 non
371 991 491 1043 obstarent,
499 991 626 1048 plerumque
634 991 712 1048 expelli
720 992 841 1046 voluerunt,

124 1061 191 1104 etiam
202 1066 280 1104 contra
290 1060 437 1117 antiquiorum
448 1060 525 1118 quibus
535 1066 650 1104 uterentur
657 1062 762 1105 librorum
769 1063 840 1116 fidem,

124 1145 191 1187 quum
206 1130 246 1173 sibi
262 1131 420 1187 persuasissent
434 1131 571 1174 omissionem
586 1132 696 1188 augmenti
711 1133 739 1175 ab
751 1133 842 1176 dialecto

124 1201 200 1244 Ionica
211 1216 254 1258 qua
264 1200 374 1243 Homerus
388 1216 440 1243 usus
454 1201 483 1244 sit
492 1201 611 1257 postulari:
628 1202 685 1244 uude
700 1202 766 1245 toties
781 1218 842 1260 repe-

124 1271 190 1314 titum
201 1271 253 1313 illud
263 1270 285 1313 in
296 1270 383 1313 scholiis
392 1271 528 1325 Ἀρίσταρχος
537 1269 612 1323 Ἰακῶς,
621 1272 678 1328 quod
689 1272 767 1328 saepius
775 1272 842 1316 etiam

124 1341 250 1398 legeremus,
261 1340 279 1383 si
293 1340 374 1383 scholia
384 1339 503 1397 integriora
513 1344 600 1383 servata
610 1345 688 1383 essent.
720 1341 756 1383 Sic
771 1342 800 1384 ad
815 1343 841 1385 Π.

128 1425 147 1463 ι,
157 1413 208 1466 464.
224 1415 247 1453 et
262 1410 300 1453 ubi
314 1411 362 1453 haec
377 1411 443 1453 verba
457 1415 579 1463 recurrunt,
592 1423 611 1461 a,
622 1422 672 1466 427.
687 1412 732 1465 μῆρ’
745 1411 793 1465 ἐκάη
809 1413 842 1454 καὶ

125 1480 227 1536 σπλάγχν’
244 1480 354 1530 ἐπάσαντο,
371 1480 495 1531 scholiasta,
509 1480 643 1536 Ἀρίσταρχος
658 1479 727 1525 Ἰακῶς
741 1481 841 1536 πάσαντο,

125 1565 190 1608 quem
204 1550 289 1607 plenius
304 1550 375 1593 dicere
391 1549 490 1592 debuisse
505 1549 639 1605 Ἀρίσταρχος
655 1548 726 1594 Ἰακῶς
738 1554 790 1605 μῆρα
804 1552 841 1605 κάη

126 1621 158 1663 καὶ
169 1619 282 1676 σπλάγχνα
295 1619 388 1662 πάσαντο
400 1634 427 1662 ex
441 1619 484 1662 alia
500 1619 642 1662 annotatione
657 1625 755 1677 apparet,
766 1620 788 1663 in
799 1637 842 1679 qua

126 1690 241 1733 Ptolemaei
252 1694 398 1733 commentum
408 1692 458 1744 μῆρε
469 1689 506 1742 κάη
517 1689 631 1732 scribentis
641 1690 762 1747 exponitur.
779 1692 843 1735 Idem

125 1760 194 1818 igitur
209 1760 232 1802 in
243 1760 319 1817 Odyss.
331 1773 351 1816 3,
363 1773 390 1815 9.,
406 1758 444 1801 ubi
459 1759 525 1802 verba
541 1759 643 1815 σπλάγχν’
656 1760 764 1813 ἐπάσαντο,
775 1765 798 1804 et
812 1762 841 1805 ib.

125 1832 155 1884 46
161 1845 176 1873 ι.
189 1843 223 1882 12,
234 1843 292 1887 394„
303 1829 340 1872 ubi
350 1833 411 1872 totus
421 1843 496 1871 versus
506 1829 541 1871 ille
551 1829 663 1886 repetitur,
674 1830 759 1886 placere
767 1831 843 1875 debuit

127 1900 263 1953 Aristarcho,
274 1898 315 1942 etsi
328 1913 372 1941 non
386 1902 420 1941 est
431 1902 561 1941 annotatum
574 1898 596 1940 in
609 1898 694 1941 scholiis
705 1915 753 1956 quae
768 1915 842 1958 super-

125 1974 184 2012 sunt.
216 1969 286 2012 Porro
296 1968 321 2011 Π.
334 1982 354 2021 2,
366 1968 415 2010 682.
428 1966 512 2024 Τρηχῖν’
524 1967 625 2022 ἐνέμοντο,
642 1968 721 2012 schol:
736 1971 804 2015 Ἰακῶς
819 1971 842 2013 τὸ

125 2042 218 2095 Τρηχῖνα
235 2039 319 2093 νέμοντο
332 2037 473 2094 Ἀρίσταρχος.
488 2038 517 2080 ib.
531 2050 542 2093 7
545 2047 581 2094 51.
600 2037 641 2094 ἔργ’
657 2038 757 2092 ἐνέμοντο,
775 2040 841 2084 schol.

124 2108 193 2155 Ἰακῶς
208 2110 231 2152 τὸ
242 2109 327 2163 νέμοντο
337 2108 478 2164 Ἀρίσταρχος.
501 2121 522 2160 4,
534 2122 585 2166 213.
602 2109 671 2152 αὐτίκα
681 2108 697 2152 δ’
711 2111 733 2152 ἐκ
744 2110 842 2164 ζωστῆρος

124 2181 221 2236 ἀρηρότος
232 2181 299 2222 εἷλκεν
310 2180 388 2230 ὀϊστόν,
398 2178 466 2221 schol.
477 2178 611 2234 Ἀρίσταρχος
622 2177 691 2223 Ἰακῶς
707 2180 768 2221 ἕλκεν
779 2180 811 2221 καί
822 2180 842 2221 αἱ

124 2252 213 2294 πλείους.
230 2254 253 2291 et
264 2263 312 2306 quae
322 2252 374 2290 sunt
384 2247 468 2304 reliqua
478 2247 608 2304 hujusmodi,
619 2263 633 2290 a
643 2249 743 2291 Beklrerc
752 2248 842 2292 collecta

124 2319 147 2361 in
158 2319 232 2361 Indice
242 2318 372 2361 scholiorum
382 2332 403 2373 p.
415 2318 465 2359 818.
476 2322 499 2360 et
509 2332 578 2374 nuper
590 2318 704 2375 explorata
714 2319 742 2361 ab
754 2319 841 2362 Merke-

124 2389 154 2431 lio
164 2389 187 2430 in
198 2387 359 2445 Prolegomenis
369 2386 392 2428 in
400 2387 538 2443 Apollonium
547 2387 656 2430 Rhodium
666 2388 740 2431 iudea
750 2404 771 2445 p.
778 2404 826 2432 cvu.
834 2423 841 2442 ‚

124 2458 182 2501 inter
192 2473 240 2515 quae
252 2457 332 2511 ἑστήκει
342 2472 427 2514 quoque
437 2461 477 2510 est,
488 2457 546 2513 quod
558 2464 583 2500 ut
594 2457 691 2500 Ionicum
701 2457 764 2500 alteri
774 2458 841 2515 scrip-

124 2534 181 2571 turae
192 2527 280 2580 εἱστήκει
290 2526 443 2569 Aristarchum
456 2525 577 2582 praetulisse
590 2527 638 2583 plus
648 2527 713 2570 semel
723 2527 745 2568 in
756 2527 841 2569 scholiis

124 2601 255 2641 annotatum
265 2600 306 2648 est,
316 2595 375 2638 velut
390 2595 419 2637 ad
433 2595 460 2637 11.
468 2608 490 2648 4,
496 2608 547 2652 329.
555 2596 604 2652 367.
637 2596 719 2638 Verum
734 2596 757 2637 id
770 2596 841 2652 ipsum

125 2668 184 2725 quod
200 2667 227 2709 de
245 2665 338 2709 dialecto
354 2665 431 2708 Ionica
449 2664 506 2707 dixit
520 2664 668 2718 Aristarchus,
686 2666 704 2707 si
717 2665 840 2722 opinionem

124 2739 172 2795 ejus
192 2741 251 2779 recte
267 2736 408 2778 reddiderunt
426 2735 556 2784 scholiasta,
576 2735 692 2778 manifesto
711 2736 789 2778 falsum
806 2740 840 2779 est

123 2807 245 2864 meritoque
253 2807 300 2863 jam
309 2806 338 2849 ab
346 2805 428 2848 Wolfio
438 2805 461 2847 in
471 2804 629 2848 dubitationem
639 2809 739 2849 vocatum
749 2805 771 2848 in
781 2806 840 2849 Prae-
