1936 3053
136 117 202 161 xxviii
396 119 593 167 PRAEFATIO.

136 228 170 270 ed.
192 227 287 272 Cramer.
305 228 343 270 ubi
364 230 390 272 de
410 245 512 274 mensura
532 232 597 288 hujus
614 231 773 274 terminationis
793 230 856 288 plura

137 296 200 341 dixit.

481 405 511 448 V.

168 517 187 558 2,
198 504 249 558 468.
265 506 365 560 γίγνεται]
383 505 505 550 Dubitatur
517 507 577 564 apud
592 507 714 550 Homerum
728 512 855 566 ceterosque

136 577 214 629 poetas
232 573 305 630 epicos
322 578 396 617 utrum
415 576 508 630 γίνεσθαι
526 581 550 618 et
569 577 677 631 γινώσκειν
698 592 727 619 an
747 579 856 633 γίγνεσθαι

137 645 161 684 et
171 642 294 697 γιγνώσκειν
303 642 369 685 scribi
379 647 488 700 oporteat.
520 643 624 688 Codicum
637 645 679 688 etsi
689 644 773 689 incerta
782 646 855 703 hujus-

137 712 197 753 modi
207 711 230 753 in
240 711 396 767 quaestionibus
405 712 460 754 fides
470 716 510 766 est,
521 717 596 755 tamen
606 712 695 770 dignum
705 714 856 758 observatione

138 784 173 822 est
182 780 264 823 formas
274 781 344 824 altero
354 796 441 838 gamma
449 786 549 836 carentes
559 783 587 825 ab
597 782 658 825 libris
668 782 777 826 veteribus
787 784 856 827 multo

137 849 186 906 plus
206 850 344 893 auctoritatis
369 851 450 894 habere
470 866 536 908 quam
555 854 663 907 γίγνεσθαι
683 856 705 895 et
725 853 856 907 γιγνώσκειν,

138 918 217 975 quibus
227 920 301 962 formis
309 924 393 963 veteres
401 920 489 964 Atticos
499 935 550 963 usos
560 936 607 964 esse
617 925 711 973 constat,
722 921 856 979 eandemque

138 988 250 1032 Herodoti
265 989 363 1032 codicum
378 991 486 1033 rationem
501 1005 554 1044 esse,
568 991 595 1033 de
609 991 687 1047 quibus
701 990 746 1033 dixi
761 991 784 1033 in
799 1007 856 1035 com-

137 1059 273 1102 mentatione
284 1059 311 1102 de
321 1059 414 1103 dialecto
425 1060 534 1103 Herodoti
544 1076 565 1118 p.
575 1060 647 1103 xxxiv.
674 1060 753 1117 Itaque
763 1062 856 1116 γίνεσθαι

138 1132 161 1170 et
170 1130 279 1182 γινώσκειν
289 1144 334 1170 non
344 1130 414 1171 solum
423 1130 495 1186 poetis
505 1129 577 1186 epicis,
589 1130 627 1172 sed
641 1130 707 1173 etiam
722 1130 800 1172 ceteris
812 1131 856 1174 dia-

137 1197 188 1239 lecti
198 1197 279 1240 Ionicae
290 1197 433 1254 scriptoribus
444 1202 571 1241 constanter
580 1199 614 1241 vel
624 1198 764 1255 relinquenda
770 1199 811 1251 vel,
818 1200 856 1243 ubi

137 1266 230 1309 alteram
244 1267 336 1310 formam
351 1267 472 1311 intulerunt
488 1268 577 1320 librarii,
596 1268 732 1311 restituenda
748 1268 854 1313 videntur.

139 1336 192 1390 Quae
201 1337 246 1393 jam
257 1336 370 1379 Eustathii
380 1336 453 1394 opinio
463 1337 505 1380 fuit
514 1353 537 1394 p.
547 1339 610 1392 1064,
623 1350 642 1381 ν.
657 1338 680 1379 τὸ
692 1339 714 1379 δὲ
724 1339 812 1392 γίνωσκε
823 1339 856 1381 καὶ

138 1407 209 1450 ἁπλῶς
219 1406 242 1447 τὸ
252 1407 360 1460 γινώσκειν
370 1409 389 1449 οἳ
402 1408 441 1459 μὲν
453 1408 539 1461 ὕστερον
548 1407 636 1449 Ἀττικοὶ
651 1408 702 1460 μετὰ
716 1407 748 1449 καὶ
762 1406 856 1460 δευτέρον

138 1473 209 1528 γάμμα
218 1476 340 1529 γιγνώσκειν
354 1476 425 1529 φασὶν,
436 1476 462 1519 ὡς
476 1476 509 1518 καὶ
523 1477 533 1517 ὁ
547 1476 633 1528 κωμικὸς
646 1479 711 1528 δηλοῖ,
723 1478 773 1518 καθὰ
787 1476 820 1518 καὶ
832 1476 855 1518 τὸ

138 1545 232 1598 γίνεσθαι
242 1544 355 1598 γίγνεσθαι.
384 1544 475 1598 Ὅμηρος
490 1544 559 1597 μέντοι
575 1545 723 1599 ἀρχαϊκώτερον
738 1546 811 1599 ἀγνοεῖ
823 1545 856 1587 καὶ

138 1615 161 1655 ἐν
176 1615 253 1667 ἀμφοῖν
269 1613 291 1654 τὸ
307 1613 401 1666 δεύτερον
415 1612 491 1667 γάμμα·
507 1613 551 1655 ἔστι
567 1614 589 1655 δὲ
604 1613 657 1665 ὅμως
672 1613 818 1667 ἀκριβέστερον
833 1614 855 1656 τὸ

138 1685 178 1723 τῶν
193 1683 286 1736 ὕστερον,
303 1683 321 1723 εἰ
338 1681 369 1723 καὶ
387 1682 526 1736 εὐφωνότερον
541 1682 564 1724 τὸ
580 1685 615 1724 τοῦ
629 1680 724 1735 Ὁμήρου.
756 1682 855 1725 Eandem

137 1750 269 1793 sententiam
289 1750 408 1807 prudenter
428 1750 524 1793 defendit
544 1750 698 1807 Bernhardyus
718 1751 745 1792 ad
765 1751 854 1807 Dionys.

138 1820 223 1877 Perieg.
240 1835 261 1875 p.
277 1823 327 1862 622.
342 1821 392 1877 623.
424 1820 520 1862 Γίνεσθαι
537 1825 611 1862 autem
628 1824 650 1862 et
666 1820 773 1874 γινώσκειν
789 1834 855 1875 quum

137 1889 258 1940 scribimus,
273 1889 419 1932 recentiorum
434 1893 558 1945 temporum
575 1888 682 1931 scribendi
698 1888 805 1931 rationem
823 1903 855 1931 se-

138 1958 236 2015 quimur:
260 1973 311 2001 nam
326 1957 482 2014 antiquissimis
497 1958 631 2014 temporibus
649 1958 695 1999 iota
709 1957 797 2014 longum
811 1958 855 2001 non

136 2042 187 2070 raro
197 2043 236 2084 per
247 2045 265 2070 ει
275 2027 434 2084 diphthongum
444 2027 614 2083 exprimebatur.
639 2027 692 2080 Quae
703 2027 811 2083 scriptura
820 2026 854 2068 his

137 2112 223 2155 quoque
242 2097 265 2139 in
281 2096 352 2140 verbis
369 2096 450 2153 passim
468 2101 554 2139 servata
572 2097 595 2139 in
614 2096 674 2138 libris
692 2095 853 2147 vetustioribus,

136 2166 195 2208 velut
205 2168 294 2221 γείνεται
305 2167 327 2208 in
337 2166 412 2208 codice
423 2166 536 2208 Marciano
547 2166 572 2207 H.
583 2180 605 2219 4,
617 2178 666 2221 245.
680 2170 703 2207 et
713 2167 816 2219 γεινώσκω
831 2166 853 2207 in

136 2235 211 2277 codice
222 2235 355 2291 AEgyptiaco
365 2235 391 2276 ΙΙ.
404 2247 438 2286 24,
450 2236 479 2289 56
480 2249 501 2291 3.
511 2250 525 2276 a
536 2235 613 2290 quibus
628 2235 681 2275 nihil
691 2233 793 2276 differunt
804 2248 852 2289 quae

136 2305 220 2360 aliquot
230 2305 253 2346 in
262 2305 315 2347 locis
326 2304 418 2346 Homeri
428 2319 467 2359 per
475 2319 549 2346 omnes
559 2319 626 2360 prope
637 2303 720 2346 codices
730 2308 853 2359 propagata

136 2380 195 2425 sunt,
211 2375 320 2428 γεινόμεθα
335 2373 360 2414 Π.
373 2387 407 2422 22,
420 2384 470 2426 477.
491 2374 629 2427 γεινομένοισι
642 2384 720 2425 10,71.
741 2371 852 2428 γεινομένῳ

137 2444 235 2494 20,128.
251 2456 286 2497 24,
299 2456 348 2485 210.
368 2442 408 2484 Od.
423 2456 444 2495 4,
456 2442 506 2486 208.
518 2454 537 2496 7,
549 2442 604 2498 198„
620 2446 643 2483 et
658 2440 738 2497 passim
753 2440 810 2491 alibi,
826 2446 852 2483 ut

136 2512 267 2569 γεινομένῃσι
276 2512 299 2553 in
309 2511 398 2567 Hymno
409 2510 526 2552 Homerico
536 2510 560 2552 in
570 2510 679 2552 Venerem
688 2525 707 2552 v.
717 2518 773 2565 245.²
784 2525 851 2562 γεινο-

135 2580 190 2638 μένῳ
206 2581 228 2623 in
244 2580 326 2638 Orphei
342 2579 433 2623 Lithicis
443 2581 500 2636 306„
519 2579 542 2621 in
558 2579 635 2636 quibus
650 2578 808 2636 diphthongum
824 2593 850 2620 ex

135 2649 244 2706 scriptura
253 2654 326 2693 vetere
340 2654 454 2693 servarunt
463 2648 546 2692 librarii
561 2649 608 2692 sola
619 2648 695 2691 aoristi
706 2649 813 2703 γείνασθαι
823 2647 850 2690 si-

135 2718 256 2762 militudine
271 2718 361 2771 inducti,
377 2718 508 2762 recentiores
524 2733 575 2761 vero
592 2717 727 2776 grammatici
744 2716 849 2774 significa-

135 2788 201 2832 tionis
217 2789 326 2845 quoddam
341 2788 456 2832 discrimen
471 2790 528 2831 inter
538 2791 631 2843 γίνεσθαι
647 2788 688 2843 (vel
698 2788 812 2842 γίγνεσθαι)
828 2790 850 2830 et
