1936 3053
375 100 580 139 SUMMARIA.
772 104 833 141 xxxix

118 209 231 260 dignatione
250 209 330 246 miratur
347 207 482 257 (aar-464)⁴
513 209 593 246 Coenam
611 205 649 246 nox
666 210 752 259 sequitur
768 210 833 248 minax

71 321 72 324 Ἴ
118 277 222 315 tonitribus
233 276 368 327 (465—482).

446 342 505 382 VlII.

145 411 197 448 Deos
210 410 235 447 ad
245 409 346 447 concilium
357 414 436 447 vocatos
445 415 498 447 vetat
508 409 598 460 Juppiter
608 409 670 447 neutri
681 411 752 460 populo
762 410 782 447 iu
794 411 834 448 acie

117 477 191 521 adesse,
202 490 297 526 curruque
306 476 384 515 vehitur
394 477 418 514 ad
428 476 483 515 Idam
495 478 588 527 (1-52].
617 477 665 515 Inde
675 477 768 527 prospicit
778 491 834 516 mane

118 544 176 583 dubia
190 544 270 582 victoria
284 550 393 594 pugnantes
407 544 508 589 exercitus,
522 543 591 581 deinde
605 543 688 582 fortunis
701 557 768 582 eorum
781 545 834 583 fatali

117 612 173 650 lance
186 611 294 662 pensitatis,
310 611 427 661 dejectisque
442 610 561 655 fulminibus,
572 610 629 648 exitia
640 610 719 649 Achivis
734 612 834 662 portendit

119 678 228 730 (53-77).
258 678 284 716 lis
299 691 359 729 usque
372 678 397 716 ad
410 678 529 716 munimenta
538 678 643 727 compulsis
656 678 765 729 adjutorem
779 680 833 729 Nep-

118 751 187 784 tunum
206 746 258 784 Juno
275 747 347 784 frustra
366 746 451 798 expetit3
473 759 519 784 mox
539 745 660 783 inclamando
677 746 752 784 animos
771 746 835 785 reddit

118 816 247 865 Agamemno,
259 819 278 852 et
292 813 396 864 propitium
406 813 475 852 Jovem
490 819 588 851 ostentum
603 813 700 863 significat
711 815 786 864 (78-2
790 816 833 864 50).

118 879 162 918 Jam
172 881 248 926 Achivi,
259 880 375 931 aliquamdiu
386 880 499 931 superiores,
512 894 564 918 novo
574 881 647 931 impetu
662 881 757 931 repellunt
766 881 834 932 Troja.

118 960 160 993 nos,
172 961 254 998 quorum
264 949 336 986 multos
346 948 422 999 sagittis
433 948 514 999 configit
523 948 602 992 Teucer,
613 948 697 986 vicissim
712 949 736 987 ab
747 948 834 987 Hectore

118 1015 230 1053 vulneratus
238 1017 258 1065 (2
261 1028 327 1066 51-3
330 1016 373 1064 34).
390 1016 464 1053 Rursus
473 1016 493 1052 iu
503 1015 570 1065 fugam
580 1020 681 1053 vertuntur
689 1016 764 1059 Achivi,
776 1030 834 1066 quum

118 1081 170 1121 Juno
180 1088 200 1121 et
210 1084 299 1122 Minerva
309 1084 374 1122 auxilii
385 1084 459 1122 ferendi
474 1096 541 1121 caussa
550 1083 629 1133 Trojam
644 1083 739 1134 proficisci
753 1091 822 1135 parant
828 1102 833 1129 ;

119 1154 153 1191 sed
163 1159 276 1203 conspectas
291 1154 356 1191 statim
370 1167 394 1191 ex
409 1159 475 1191 monte
485 1152 574 1203 Juppiter
583 1166 618 1202 per
627 1153 667 1191 Irin
682 1154 744 1204 rejicit
756 1155 833 1205 (335—

118 1219 177 1270 437).
201 1219 246 1269 Ipse
256 1220 280 1257 ad
290 1219 395 1270 Olympum
404 1232 492 1257 reversus
502 1224 626 1257 contunraces
636 1220 682 1257 deas
692 1220 731 1257 acri
741 1220 832 1271 objurga-

118 1285 172 1324 tione
186 1286 269 1330 incessit,
284 1286 363 1324 Achivis
380 1287 437 1324 etiam
452 1287 535 1337 majores
551 1286 614 1324 clades
627 1287 647 1324 in
662 1288 765 1325 crastinum
783 1287 833 1325 diem

118 1353 203 1391 minatur
218 1353 352 1403 (438—484).
383 1353 446 1392 Finita
460 1355 484 1391 ob
501 1358 579 1391 noctem
594 1354 717 1392 dimicatione
729 1354 833 1404 habitaque

119 1419 211 1458 concione
220 1420 298 1470 Trojani
308 1422 390 1459 victores
404 1420 424 1458 in
438 1421 480 1470 ipso
493 1420 556 1470 proelii
570 1420 613 1458 loco
624 1422 714 1459 excubias
728 1422 833 1460 obsidionis

118 1485 227 1530 instituunt,
243 1492 305 1537 atque,
319 1494 341 1525 ut
356 1488 435 1525 insidias
448 1487 536 1526 hostibus
551 1493 584 1525 aut
596 1488 740 1540 navigationem
753 1490 833 1541 praeclu-

119 1553 172 1597 dant,
188 1555 266 1592 crebros
283 1568 317 1605 per
333 1555 401 1592 urbem
417 1567 544 1605 campumque
560 1555 615 1605 ignes
631 1557 738 1594 accendunt
757 1557 834 1606 (485-

119 1621 175 1671 565)-

459 1689 494 1726 lX.

146 1755 205 1805 Apud
219 1756 305 1794 Achivos
322 1762 341 1795 ct
358 1756 455 1806 praeterito
473 1756 582 1795 discrimine
598 1757 696 1807 perculsos
714 1762 733 1795 et
749 1757 834 1796 instante

119 1822 235 1861 conterritos
250 1823 298 1861 clam
313 1824 337 1861 ab
350 1824 497 1874 Agamemnone
512 1836 602 1875 proceres
617 1829 754 1868 convocantur,
766 1825 834 1874 quibus

118 1902 152 1927 rex
166 1890 267 1928 consilium
281 1891 333 1941 fugae
349 1896 368 1928 et
381 1891 506 1940 properandae
522 1904 556 1941 per
569 1897 647 1928 noctem
661 1892 789 1941 navigationis
803 1892 832 1930 in-

119 1956 165 1995 dicit
181 1956 275 2007 (148).
304 1957 323 1995 A
337 1957 388 2007 turpi
400 1957 478 2007 incepto
493 1958 621 1995 dehortantur
635 1971 679 1995 eum
691 1958 796 1996 Diomedes
811 1972 833 1997 ac

118 2025 192 2063 Nestor
204 2024 312 2075 (29—78).
342 2024 434 2062 Excubiae
443 2024 532 2062 locantur
541 2037 576 2075 pro
584 2025 709 2063 munimentis
719 2031 833 2069 castrorum,

118 2092 138 2129 in
147 2091 300 2141 Agamemnonis
315 2090 399 2128 tentorio
409 2104 464 2129 coena
478 2096 556 2140 paratur
570 2091 689 2140 proceribus,
703 2097 748 2140 post
758 2104 833 2130 coenam

118 2157 199 2196 sollicite
214 2159 278 2209 agitur
292 2158 316 2195 de
328 2157 404 2195 Achille
420 2157 513 2208 placando
529 2163 549 2195 et
565 2158 589 2194 ad
602 2158 707 2196 exercitum
722 2158 832 2197 reducendo

119 2226 241 2276 (79-113).
270 2224 316 2275 Ipse
330 2225 452 2275 Agamemno
467 2224 500 2267 illi,
516 2224 533 2262 si
548 2225 666 2263 iracundiam
682 2239 737 2263 suam
751 2226 833 2275 publiea

118 2292 228 2330 necessitati
242 2292 343 2335 remiserit,
354 2297 374 2329 et
383 2292 475 2329 intactam
490 2291 598 2329 Briseidem
612 2296 631 2329 et
641 2292 712 2329 eximia
725 2293 776 2330 dona
788 2306 833 2343 pro-

118 2359 178 2396 mittit
188 2359 323 2407 (114-161).
354 2358 393 2396 His
403 2371 446 2396 cum
458 2358 600 2396 conditionibus
611 2358 714 2396 mittuntur
724 2359 759 2396 viri
770 2372 781 2396 a
791 2360 832 2398 Nc·-

118 2430 170 2463 store
182 2426 257 2469 delecti,
269 2425 357 2468 Phoenix,
369 2438 424 2475 quern
435 2425 507 2463 Achilli
521 2431 576 2475 pater
590 2430 686 2463 rectorem
698 2426 784 2475 juventae
799 2427 833 2464 ad.

118 2492 198 2537 diderat,
208 2493 260 2543 Ajax
271 2493 338 2542 major,
349 2491 435 2542 Ulysses‚
446 2491 484 2529 duo
494 2492 630 2529 caduceatores
642 2491 780 2541 (roa-184).
796 2492 833 2530 Le-

117 2565 174 2610 gatos
189 2559 249 2597 amice
262 2558 333 2608 excipit
343 2559 435 2602 Achilles,
446 2559 481 2596 sed
495 2571 561 2596 eorum
572 2559 658 2607 quamvis
673 2565 778 2603 accuratas,
788 2572 832 2609 gra-

117 2640 157 2672 ves,
167 2626 247 2664 blandas
260 2625 357 2663 orationes
372 2633 392 2663 et
402 2625 466 2663 onmia
476 2625 629 2676 Agamemnonis
644 2626 739 2675 promissa
753 2626 831 2675 adsper-

117 2698 185 2731 natur:
201 2697 294 2742 praeterea
304 2692 414 2729 Phoenicem
425 2692 475 2741 apud
485 2705 506 2729 se
515 2693 592 2734 retinet,
601 2704 644 2729 cum
652 2704 713 2741 eoque
721 2692 740 2728 in
750 2691 831 2741 patriam

116 2759 227 2809 propediem
237 2771 258 2797 se
268 2758 373 2796 rediturum
384 2758 468 2795 minatur
478 2757 614 2807 (185-668),
636 2757 666 2795 Ita
675 2763 778 2807 postquam
789 2757 830 2794 irri-

117 2828 157 2860 tam
171 2824 288 2874 legationem
302 2824 439 2862 renrmciarunt
452 2825 503 2873 Ajax
517 2830 536 2861 et
547 2824 634 2873 ulysses,
651 2823 736 2873 graviter
752 2824 831 2860 afflictos
