1936 3053
368 105 575 144 SUMMARIA.
803 103 831 141 xli

112 210 232 262 Eurypylum
243 224 268 249 ex
277 211 357 248 vulnere
372 223 445 261 aegrum
456 209 536 248 offendit
547 209 602 260 eique
617 209 637 247 in
651 207 759 247 tentorium
766 209 830 247 delato

103 276 201 331 'medetur
211 275 348 326 (eoa-848).

451 387 497 426 XII.

141 466 212 505 Achivi
228 468 279 505 intra
295 480 371 505 murum
389 466 483 516 conrpulsi
501 466 591 516 (invisum
609 466 645 504 diis
660 479 714 517 opus,
729 466 753 503 ab
769 466 830 518 iisque

111 531 180 578 statim
195 542 239 585 post
251 535 313 585 ipsam
326 535 394 572 urbem
404 535 497 581 deletum)
509 534 603 584 Trojanos
616 535 657 584 jam
672 534 752 572 navibus
767 533 830 572 immi-

112 607 181 640 nentes
191 602 264 647 vident,
272 602 315 652 jam
327 602 399 639 fossam
411 606 567 650 transgressuros
579 600 672 649 (1-59).
702 599 738 637 Rei
748 599 829 637 difficul-

112 675 152 707 tate
166 669 250 719 primum
265 669 344 707 attoniti
356 681 401 705 mox
416 667 562 718 Pulydamantis
575 667 650 705 monitu
664 668 688 705 de
698 667 785 706 curribus
795 668 828 705 (le-

112 737 208 774 scendunt
227 742 247 774 et
266 736 286 773 in
304 736 387 786 quinque
407 740 494 773 catervas
514 735 569 772 divisi
588 736 688 773 incurrunt
706 735 828 786 (do—107.)

112 803 176 847 Asius
184 816 241 841 unam
252 808 351 853 portarum
362 815 387 840 ex
397 815 454 840 curru
467 801 549 852 aggredi
564 814 621 839 ausus
634 815 645 839 a
655 802 734 840 duobus·
741 803 828 853 Lapithis

113 884 156 908 cum
166 883 239 921 magna
249 870 303 908 clade
313 882 390 907 suorum
401 869 487 919 rejicitur
498 868 633 921 (108-194.)
659 869 744 907 -Infausti
754 870 829 921 augurii

112 938 245 988 interpretatio
256 951 267 975 a
277 938 415 989 Polydamante
425 937 476 975 facta
485 936 592 975 Hectorem
602 950 641 974 non
652 937 736 976 deterret
744 951 755 976 a
762 952 828 989 perse.

112 1005 193 1056 queudis
203 1005 291 1043 hostibus
303 1006 438 1056 (195-250).
469 1004 498 1043 Hi
508 1005 544 1043 etsi
555 1005 663 1054 procelloso
673 1011 731 1043 vento
741 1006 828 1057 impediti

112 1073 232 1111 munimenta
247 1086 282 1110 sna
296 1073 367 1111 acriter
381 1072 492 1117 defendunt,
508 1072 601 1122 imprimis
616 1072 654 1110 duo
667 1073 738 1123 Ajaces
750 1074 827 1125 (251-

114 1140 169 1191 289).
191 1140 236 1178 Alia
245 1144 299 1190 parte
310 1139 411 1190 Sarpedon
421 1148 440 1178 et
451 1139 535 1178 Glaucus
545 1139 626 1182 irruunt,
638 1138 706 1189 quibus
716 1153 736 1178 se
747 1141 827 1192 opponit

111 1207 239 1246 Menestheus
249 1208 272 1245 ab
283 1220 343 1258 eoque
354 1207 440 1245 arcessiti
447 1207 497 1256 Ajax
508 1207 570 1256 major
579 1213 598 1244 et
606 1207 679 1244 Teucer
690 1209 825 1260 (roo—377).

112 1273 230 1324 Sarpedonis
240 1274 303 1312 socius
313 1274 390 1324 Epicles
405 1275 429 1312 ab
439 1274 503 1324 Ajace,
515 1274 600 1311 Glaucus
610 1287 622 1311 a
631 1274 705 1312 Teucro
715 1277 824 1321 sauciatum

111 1342 189 1378 tandem
200 1354 211 1379 a
221 1340 333 1390 Sarpedone
348 1341 407 1391 pinna
417 1341 468 1378 muri
480 1341 579 1378 revellitur
590 1341 734 1392 (378—399).'
754 1342 826 1393 Lycios

111 1419 187 1444 murum
202 1412 327 1457 perrupturos
342 1406 399 1444 etiam
415 1419 467 1444 nunc
482 1406 559 1444 fortiter
574 1413 640 1445 arcent
657 1407 735 1452 Achivi3
752 1408 827 1448 Hector

111 1479 174 1511 autem
185 1479 261 1523 portam
270 1474 348 1524 ingesto
359 1486 406 1511 saxo
417 1473 495 1511 discutit
506 1474 583 1523 suisque
593 1474 643 1511 viam
654 1475 678 1512 ad
691 1488 750 1513 naves
764 1477 826 1526 aperit

112 1541 248 1591 (400-471l·

437 1641 495 1679 xm.

137 1724 216 1774 Trojani
227 1724 299 1774 passim
314 1731 403 1775 superato
418 1738 474 1763 muro
489 1726 565 1764 caedunt
576 1727 667 1770 Achivos
678 1742 736 1779 quum
746 1729 824 1782 Neptu-

109 1805 146 1829 nus
160 1791 284 1830 miseratione
298 1798 406 1830 commotus
418 1793 468 1831 clam
477 1793 526 1831 Jove
536 1794 613 1832 tuendis
627 1795 709 1833 navibus
723 1798 826 1836 auxiliator

109 1859 183 1897 accedit
192 1859 288 1907 (1—42):
303 1859 335 1909 qui
345 1859 428 1909 primum
438 1860 486 1898 duos
497 1859 579 1911 Ajaces'
586 1868 628 1899 tum
638 1868 712 1901 ceteros
723 1864 824 1915 principes,

109 1926 194 1964 humana
207 1926 269 1976 specie
283 1925 361 1964 indutus
373 1928 398 1965 ad
408 1927 514 1965 obsistendi
528 1928 653 1978 pertinaciam
667 1931 779 1970 cohortatur
790 1934 824 1983 (43

108 1994 193 2041 -124).
221 1993 284 2043 Igitur
293 1992 366 2043 Ajaces
376 2001 396 2031 et
405 1994 437 2031 alii
447 1994 552 2033 Hectorem
562 1995 581 2032 in
592 1996 655 2033 media
665 1998 705 2035 acie
715 1998 739 2036 ab
749 2000 825 2038 excidio

108 2060 187 2098 navium
197 2064 262 2097 arcent
274 2060 307 2107 (12
311 2070 378 2109 5—20
380 2061 401 2110 5)
410 2075 415 2103 ;
431 2073 478 2098 mox
488 2061 603 2099 idomeneus
616 2075 627 2099 a
637 2063 731 2114 Neptuno
741 2065 760 2102 in
771 2080 825 2105 arma

108 2126 218 2176 instigatus,
229 2131 328 2175 assumpto
338 2125 433 2171 Merione,
444 2127 469 2164 ad
479 2127 575 2165 sinistram
585 2129 660 2166 afflictis
670 2132 764 2170 succurrit
774 2134 825 2182 (206

108 2192 194 2243 —329).
223 2192 299 2230 Exinde
309 2198 365 2230 atrox
374 2194 463 2242 proelium
473 2195 586 2239 conseritur,
599 2196 619 2233 in
630 2209 667 2246 quo
677 2199 765 2249 Trojanis
774 2201 823 2251 Jup-

108 2260 164 2310 piter,
175 2259 254 2298 Achivis
266 2259 370 2311 Neptunus
384 2260 442 2305 favet,
454 2261 505 2300 inter
517 2261 605 2301 Achivos
618 2263 718 2303 Idomenei
731 2267 824 2318 imprimis

108 2326 170 2364 virtus
180 2333 278 2376 spectatur
286 2326 422 2376 (330—362).
447 2328 467 2365 Is
475 2327 617 2379 0thryoneum,
626 2331 699 2376 Asium,
708 2334 824 2374 Alcathoum

108 2393 211 2438 interficit;
226 2394 316 2443 idemque
330 2401 378 2431 cum'
387 2394 483 2439 Merione,
495 2396 606 2442 Antssocho,
619 2398 718 2443 Menelao,
732 2389 824 2441 adversus

108 2460 199 2506 AEneam,
207 2460 337 2511 Deiphobum,
346 2460 452 2506 Helenum,
461 2462 549 2501 Paridem
558 2477 650 2515 prospere
661 2466 739 2504 dimicat
747 2469 825 2518 (363-

110 2527 167 2577 672).
197 2526 264 2566 Etiam
275 2527 379 2565 Hectorem
394 2529 458 2566 medio
471 2542 528 2579 quem
542 2530 614 2569 dudum
626 2533 689 2571 tenuit
701 2534 744 2571 loco
754 2536 782 2573 sie
792 2549 824 2573 ur.

108 2599 156 2644 gent
169 2592 241 2643 Ajaoes
256 2599 275 2631 et
290 2595 331 2632 aliae
346 2599 433 2639 catervae,
448 2602 470 2633 ut
485 2597 566 2647 gradum
579 2599 621 2648 jam
636 2599 720 2638 referant
729 2601 822 2652 Trojani:

108 2661 143 2698 sed
157 2660 301 2710 Pulydamantis
317 2661 396 2698 oonsilio
411 2663 498 2700 firmatus
514 2664 589 2701 Hector
602 2672 682 2715 repente
698 2668 789 2707 collectos
804 2670 822 2707 in

107 2726 184 2763 hostem
194 2726 247 2764 ducit
258 2726 392 2776 (673-808y
423 2729 500 2766 Novam
514 2743 598 2780 pugnam
611 2732 649 2769 ciet
657 2733 709 2783 Ajax
719 2740 739 2772 et
748 2735 823 2786 ingenti

108 2792 203 2842 utrimque
213 2793 296 2831 clamore
307 2800 391 2832 certatur
402 2795 505 2846 (809-83
510 2797 536 2845 7).
