1936 3053
364 100 563 144 PRAEFATIO.
772 98 825 143 xxxi

107 209 245 267 grammatici
263 209 394 266 scripturam
409 209 523 267 antiquam
539 213 556 252 E
573 212 665 251 ΔΕὙΡΟ
681 212 743 251 ΜΕΝ
759 224 799 266 pro
814 208 826 261 ἢ

107 279 168 333 δεύρω
184 279 222 333 μέν
236 279 309 336 potius
319 280 445 336 acciperent
459 294 525 337 quam
534 293 574 337 pro
584 278 596 333 ἢ
607 281 665 333 δεῦρο
675 278 718 332 μέν.
750 278 826 321 Tribni

107 354 182 392 tamen
191 349 232 391 hoc
244 348 366 393 Herodiani
378 349 506 393 auctoritati
521 353 547 392 ut
560 364 603 392 non
616 348 753 407 repudiarem
764 350 826 403 δεύρω

106 419 129 461 in
139 419 297 475 antiquioribus
308 419 417 462 codicibus
430 419 549 473 inventum,
561 418 743 475 quemadmodum
751 418 827 461 etiam-

106 503 159 531 num
169 493 242 532 exstat
252 489 274 531 in
285 489 359 533 codice
374 489 490 533 Marciano
500 489 529 542 Α,
541 504 567 532 ex
578 505 621 546 quo
633 489 701 532 tacite
715 488 738 531 id
753 488 827 545 posuit

107 558 247 612 Villoisonus,
259 560 400 618 agnoscitque
411 560 535 603 scholiasta.

431 676 499 719 VHL

136 773 157 816 3,
166 759 239 813 447&
252 760 278 814 ῥα
293 759 325 801 καὶ
340 759 390 814 ἦρχε
405 759 495 815 λέχοσδε
511 758 566 815 κιών]
578 759 613 802 Sic
624 758 729 816 Heynius.
763 759 824 803 Libri

107 844 181 872 omnes
191 829 248 885 ἄρχε,
281 829 338 871 Leve
349 829 390 871 hoc
401 829 418 872 si
428 829 480 887 quid
490 829 555 880 aliud,
566 830 605 872 sed
615 833 689 872 tamen
699 829 777 887 insigni
788 830 825 873 do-

107 903 208 942 cumento
219 903 252 942 est
263 914 328 956 quam
339 900 445 943 absonum
456 900 485 942 sit
495 899 593 943 fallacem
603 899 626 941 in
636 899 671 942 his
680 900 745 942 rebus
759 899 824 942 libro-

92 1024 94 1026 Υ
105 985 155 1012 rum
165 970 318 1013 auctoritatem
328 970 412 1014 ratione
422 970 530 1027 potiorem
540 970 632 1013 habere:
648 968 690 1011 nisi
701 968 749 1026 quis
764 984 824 1013 arca-

106 1056 158 1084 nam
173 1041 282 1098 quandam
297 1040 405 1084 rationem
420 1041 544 1099 excogitare
559 1040 611 1083 velit
629 1054 668 1081 cur
685 1039 726 1082 hoc
742 1055 785 1083 uno
800 1040 823 1082 in

105 1112 152 1153 loco
169 1112 219 1167 ἄρχε
234 1111 280 1153 sine
295 1116 412 1168 augmento
428 1111 565 1154 scribendum
580 1110 616 1160 sit,
632 1110 683 1152 licet
698 1110 823 1167 plusquam

106 1185 194 1224 centum
204 1181 251 1223 aliis
261 1181 284 1223 in
294 1182 391 1224 versibus
403 1181 496 1224 Homeri
510 1180 650 1237 plurimisque
665 1179 756 1222 aliorum
771 1195 822 1237 poe-

106 1255 178 1294 tarum
193 1251 245 1294 locis
260 1252 311 1307 ἦρχε
326 1252 390 1307 ἦρχον
406 1253 477 1307 ἐξῆρχε
495 1250 591 1306 ἐξήρχετο
608 1255 631 1292 et
646 1249 689 1293 alia
707 1265 756 1292 cum
769 1266 822 1308 aug-

106 1326 179 1363 mento
190 1321 319 1363 scribantur.
351 1320 424 1364 Multo
435 1320 504 1377 major
514 1319 537 1361 in
547 1319 594 1362 aliis
607 1318 678 1362 verbis
688 1319 786 1376 plurimis
795 1320 821 1362 li-

105 1392 194 1434 brorum
208 1391 356 1434 inconstantia
372 1396 411 1441 est,
427 1390 459 1432 ita
476 1395 502 1432 ut
522 1390 585 1432 facile
602 1394 709 1446 appareat
721 1390 822 1433 librarios

105 1460 157 1503 nihil
175 1476 266 1517 usquam
284 1461 337 1504 certi
354 1460 436 1503 consilii
452 1459 475 1502 in
491 1465 609 1517 augmento
628 1467 651 1503 et
668 1460 782 1517 temporali
799 1464 823 1504 et

105 1530 208 1587 syllabico
216 1531 249 1574 vel
259 1531 358 1573 addendo
367 1529 400 1573 vel
409 1528 529 1572 omittendo
538 1533 623 1572 secutos
633 1543 686 1582 esse,
695 1530 733 1572 sed
740 1534 822 1574 temere

104 1600 169 1642 modo
180 1600 221 1643 hoc
231 1600 295 1643 modo
306 1600 358 1642 illud
366 1598 490 1656 arripuisse,
497 1597 539 1641 nisi
549 1598 586 1641 ubi
594 1602 633 1641 aut
642 1603 735 1641 metrum
743 1599 822 1642 alteru-

105 1676 163 1713 tram
178 1671 270 1713 formam
281 1670 395 1713 excludens
409 1673 448 1712 aut
459 1673 521 1712 vetus
534 1669 668 1711 consuetudo
679 1669 778 1725 quaedam
793 1669 822 1712 ab

106 1753 178 1781 errore
188 1739 299 1789 retineret,
308 1738 428 1795 cujusmodi
439 1739 538 1795 estquod
548 1743 675 1782 constanter
682 1739 746 1792 ἦλθον
754 1739 822 1796 scrip-

106 1818 187 1860 serunt,
199 1824 305 1865 nusquam
316 1809 384 1860 ἔλθον,
394 1823 438 1850 non
449 1808 496 1859 alia,
507 1813 533 1851 ut
543 1808 626 1865 opinor,
637 1809 664 1851 de
673 1823 749 1851 caussa
757 1824 823 1866 quam

106 1884 164 1940 quod
181 1882 309 1926 indicativus
327 1881 392 1936 ἦλθον
410 1884 437 1926 ab
455 1882 533 1927 ceteris
550 1883 615 1940 hujus
633 1883 709 1926 aoristi
725 1885 795 1926 modis
812 1902 822 1927 ε

105 1953 170 1995 breve
185 1953 327 2004 servantibus,
339 1952 389 1995 ἐλθέ
398 1953 477 2005 ἔλθοιμι
494 1953 547 1995 ἔλθω
563 1954 636 2004 ἐλθών,
647 1954 680 1996 ita
690 1958 738 1996 erat
751 1954 823 2011 quoti-

106 2021 170 2065 diano
191 2022 316 2065 Graecorum
337 2021 432 2064 omnium
455 2036 495 2064 usu
517 2021 632 2064 distinctus
655 2028 681 2065 ut
700 2023 822 2066 inauditum

104 2092 164 2135 istud
175 2092 236 2134 ἔλθον
246 2106 285 2148 pro
296 2090 360 2144 ἦλθον
370 2091 450 2133 nemini
465 2091 528 2134 facile
543 2096 581 2133 aut
597 2092 619 2133 in
634 2097 730 2135 mentem
745 2093 822 2136 autin

105 2162 211 2205 calamum
220 2160 293 2205 venire
303 2166 384 2218 posset.
416 2161 496 2204 Similis
506 2161 550 2204 fere
561 2162 618 2204 ratio
628 2161 748 2219 imperfecti
757 2162 822 2219 ἦρχον

105 2236 151 2275 est:
167 2232 224 2275 unde
239 2232 279 2274 hoe
296 2246 387 2289 quoque,
398 2246 441 2274 uno
456 2232 483 2275 de
499 2247 541 2288 quo
551 2247 607 2275 nunc
623 2233 707 2291 agimus
721 2233 769 2276 loco
785 2248 822 2276 ex-

105 2306 175 2359 cepto,
190 2302 297 2345 intactum
315 2301 411 2344 Homero
429 2301 569 2360 reliquerunt.
601 2302 673 2345 Tanto
688 2302 822 2359 frequentior

104 2371 197 2415 variatio
207 2371 229 2413 in
239 2371 288 2414 aliis
298 2370 408 2428 quibusvis
417 2371 494 2421 verbis,
505 2371 563 2413 inter
573 2386 621 2428 quae
631 2370 667 2414 illa
675 2386 760 2428 quoque
770 2377 822 2415 sunt

105 2455 196 2498 quorum
212 2441 319 2499 scriptura
331 2441 378 2497 jam
393 2440 513 2497 antiquitus
528 2441 631 2499 ambigna
645 2441 717 2484 fuerat
731 2446 822 2500 propter

104 2511 179 2555 literas
190 2516 207 2553 E
218 2521 241 2555 et
251 2515 277 2562 0,
289 2511 366 2569 quibus
376 2516 427 2554 ante
438 2511 560 2554 Ionicarum
575 2511 687 2554 literarum
700 2526 763 2554 usum
778 2526 822 2554 non

105 2581 174 2623 solum
189 2581 237 2624 duae
253 2582 328 2625 breves
338 2580 422 2624 vocales
437 2598 447 2623 ε
461 2585 484 2624 et
495 2598 512 2633 ο,
524 2581 562 2623 sed
577 2581 643 2624 etiam
658 2581 727 2638 longae
743 2600 755 2634 η
771 2587 794 2624 et
805 2599 821 2623 ο

105 2651 195 2706 exprimi
211 2652 317 2695 solebant.
348 2650 451 2708 Legimus
466 2665 523 2692 nunc
538 2651 597 2707 apud
613 2650 741 2704 Homerum,
752 2651 822 2693 uthis

105 2720 207 2777 exemplis
213 2726 271 2773 utar,
278 2723 337 2776 ἔιγχε,
345 2720 505 2775 (intermittere,
511 2720 628 2772 καθάπτετο,
636 2721 729 2774 ἀρτύνθη,
737 2721 820 2774 ἄφρεον,

103 2789 153 2830 ,ἕλκε
164 2790 237 2834 ἄνελκε
249 2790 346 2846 ἐφέλκετο
354 2791 439 2845 ὕφελκε,
447 2790 520 2833 ἔλπετο
529 2789 623 2840 ἔλποντο,
632 2792 722 2843 οἴμησεν,
730 2791 820 2843 οἴμωξεν,
