1936 3053
390 91 595 131 SUMMARIA.
782 95 849 134 mxvii

122 207 183 232 ‚novo
193 194 263 233 marito
273 196 371 246 ignaviam
381 199 492 248 exprobrat,
503 211 549 236 mox
559 205 624 237 tamen
635 212 677 237 eum
691 201 711 238 in
726 202 807 250 gratiam
817 216 847 241 re-

74 311 75 314 *
132 261 178 311 cipit
189 261 209 312 (3
214 262 324 312 83-448).
347 263 378 302 Ita
388 265 471 315 praemiis
481 266 522 303 deae
533 266 629 304 fruentem
638 267 768 305 adversarium
777 269 848 308 trustra

132 329 200 377 quaen't
213 329 321 374 Menelaus,
337 330 382 368 dum
398 330 521 382 Agamemno
536 333 612 382 publice
627 334 697 384 repetit
711 341 788 384 pactum
804 349 846 386 pre-

131 396 180 434 tium
189 397 274 435 victoriae
286 398 421 447 (449—461).

471 519 507 558 IV.

160 595 225 641 Quum
241 610 265 634 ex
279 597 352 635 foedere
368 597 445 636 Helena
461 598 542 637 Achivis
553 599 653 638 reddenda
668 600 781 649 infestaeque
798 600 848 638 acies

132 662 243 701 dirimendae
257 671 322 703 essent
335 672 424 716 superato
439 665 513 709 Paride,
528 666 580 704 Juno
593 666 612 704 in
629 667 710 705 concilio
725 667 804 705 deorum
818 666 846 704 iu-

132 729 256 781 dignabuuda
265 733 292 770 ita
301 745 340 770 non
351 732 423 783 expleri
433 733 498 770 odium
514 746 569 771 suum
583 734 603 771 in
613 734 714 783 Trojauos,
724 733 769 771 Jovi
782 739 847 771 extor-

132 802 178 847 quet
186 805 208 836 ut
218 799 254 848 ipsi
264 800 358 838 concedat
370 800 399 838 Ilii
410 800 505 838 excidium
518 801 613 851 (1—49).
642 800 738 844 Minerva,
748 800 790 851 ipsa
800 814 846 851 quo-

132 877 168 913 que
178 865 267 915 Trojanis
276 866 359 911 inimica,
369 866 454 904 Junonis
464 867 543 905 hortatu
553 867 578 905 ad
587 873 658 906 terram
670 868 734 909 missa,
744 868 847 917 persuadet

131 931 219 970 Pandaro
229 932 289 984 Lycio
299 939 321 971 ut
328 934 381 983 jacta
390 933 410 971 in
420 933 532 972 Menelaum
542 936 614 984 sagitta
626 934 735 984 pactionem
746 935 848 973 conturbet

131 1012 153 1037 ac
167 1013 238 1037 novum
251 1001 334 1038 bellandi
348 1013 435 1039 caussam
450 1008 502 1040 serat
513 1003 639 1052 (fio—104):
656 1008 676 1039 at
687 1015 727 1039 non
741 1002 793 1039 letali
804 1002 845 1039 vul-

130 1079 176 1104 nere
186 1080 298 1117 percussum
308 1068 419 1106 Menelaum
430 1069 532 1107 arcessitus
543 1069 628 1107 medicus
639 1073 693 1107 curat
702 1069 787 1107 Machao
796 1070 844 1119 (105

130 1139 217 1184 -219).
246 1135 324 1173 Interea
334 1148 399 1173 rursus
413 1136 482 1174 armati
495 1137 519 1173 ad
533 1136 659 1186 pugnandum
671 1149 692 1173 se
702 1136 787 1174 referunt
797 1135 845 1173 Tro-

127 1199 175 1248 jani,
186 1201 232 1239 dum
242 1201 367 1253 Agamemno
378 1209 464 1240 catervas
475 1201 595 1240 Achivorum
611 1202 657 1245 obit,
670 1202 813 1245 nonnullorum,
825 1208 846 1240 ut

131 1266 235 1310 Idomenei,
246 1266 337 1318 Ajacum,
347 1269 442 1311 Nestoris,
454 1268 485 1317 qui
493 1270 533 1318 jam
544 1268 562 1305 in
573 1269 673 1318 procinctu
683 1269 767 1312 stabant,
778 1268 844 1306 alacri-

130 1339 190 1371 tatem
203 1335 290 1378 laudans,
302 1335 388 1380 allorum,
401 1341 422 1373 ut
431 1335 546 1379 Menesthei,
557 1334 639 1385 Ulyssis,
651 1335 758 1378 Diomedis,
769 1335 801 1385 qui
815 1348 845 1373 re-

130 1406 205 1437 centem
220 1400 313 1450 impetum
328 1401 414 1439 noudum
429 1407 535 1444 senserant,
546 1401 689 1439 cunctationem
702 1402 845 1450 reprehendens

131 1469 266 1516 (ΜΟ-421).
297 1468 341 1514 Quo
359 1469 410 1505 facto
425 1468 513 1518 proelium
529 1468 654 1511 instauratur,
669 1468 688 1504 iu
705 1481 743 1518 quo
757 1468 845 1517 Trojanis

129 1533 184 1571 Mars
195 1541 214 1572 et
224 1533 304 1585 Apollo,
315 1533 396 1572 Achivis
410 1541 480 1584 praeter
492 1534 529 1572 alia
538 1535 618 1571 numina
628 1534 718 1570 Minerua
727 1533 801 1571 animos
811 1534 844 1571 ad-

129 1601 169 1646 dit;
185 1601 285 1651 caedesque
296 1602 345 1639 fiunt
355 1606 427 1639 mutuae
438 1603 572 1652 (ipae-544).

502 1719 525 1756 V.

157 1796 248 1847 Stragem
258 1797 386 1847 Trojanorum
398 1798 513 1835 continuant
523 1797 605 1841 Achivi3
622 1804 666 1835 ante
681 1810 748 1835 omnes
763 1797 844 1847 insignis

127 1863 239 1907 Diomedes,
250 1864 349 1906 Minervae,
360 1864 445 1902 Martem
455 1865 479 1902 ab
490 1864 530 1902 acie
540 1863 654 1908 seducentis,
665 1863 755 1913 praesidio
764 1863 843 1901 ferocis-

128 1932 188 1969 simus
200 1932 294 1982 (1—94).
324 1930 363 1969 Sed
377 1932 418 1981 ipse
432 1945 443 1969 a
453 1932 540 1969 Pandaro
550 1931 661 1969 vulneratus
672 1931 730 1969 etiam
740 1930 843 1969 vehemen-

127 1999 166 2036 tius
180 1998 234 2035 saevit
247 1998 266 2035 in
276 1997 343 2034 hostes
354 1997 482 2048 (95-166):
498 1998 614 2041 Pandarum,
625 2003 681 2035 antea
690 1997 781 2047 peditem,
792 2010 843 2034 nunc

127 2078 152 2103 ex
168 2065 237 2102 AEneae
255 2075 311 2101 curru
330 2069 456 2113 pugnantem,
476 2063 567 2101 interficit
588 2062 730 2113 (167«296);
750 2064 842 2107 AEueam,

127 2132 183 2170 amici
197 2143 267 2181 corpus
282 2135 387 2180 tegentem,
398 2143 445 2168 saxo
456 2130 528 2168 sauciat
538 2130 677 2180 (297—31o);
692 2129 712 2165 V
713 2130 771 2173 eneti,
781 2130 843 2168 filium

127 2212 152 2237 ex
161 2211 228 2248 pugna
238 2196 331 2241 efferenti,
342 2197 420 2248 plagam
429 2197 449 2234 iu
462 2209 520 2234 manu
528 2196 600 2246 infligit
611 2196 746 2246 (311-351).
775 2196 843 2235 Venus

126 2266 150 2303 ab
166 2265 217 2303 Iride
232 2265 301 2302 educta
315 2277 372 2302 curru
387 2264 458 2302 Martis
472 2265 570 2303 revehitur
585 2264 609 2301 ad
624 2263 736 2314 Olympum,
751 2264 783 2301 ubi
800 2277 843 2302 eam

126 2339 189 2371 mater
199 2332 262 2370 Dione
272 2331 315 2369 sinu
324 2331 383 2376 fovet,
394 2331 425 2369 alii
436 2331 461 2370 dii
476 2332 545 2369 leniter
554 2331 635 2369 irrident
646 2331 781 2381 (352—431),
805 2331 842 2368 AE-

126 2414 189 2443 neam,
205 2413 217 2437 a
226 2399 303 2437 Venere
318 2398 438 2442 destitutum,
449 2398 550 2436 Diomedis
564 2398 622 2436 furori
639 2397 694 2448 eripit
704 2397 773 2447 Apollo
788 2404 808 2435 et
822 2398 841 2435 in

126 2480 171 2506 arce
179 2467 263 2517 Trojano
272 2465 398 2504 recreandum
411 2470 471 2509 curat,
482 2465 538 2503 simul
553 2465 638 2503 Martem
653 2464 673 2501 in
688 2464 748 2501 aciem
763 2472 842 2502 revocat

127 2533 261 2584 (μα-460).
285 2532 341 2570 Mars
351 2532 376 2570 ad
385 2545 426 2571 rem
436 2532 512 2570 fortiter
522 2532 627 2582 gerendam
637 2531 726 2569 hortatur
737 2531 841 2581 Trojanos,

127 2602 195 2652 quibus
205 2602 269 2639 statim
280 2600 353 2637 AEneas
363 2600 439 2650 integer
449 2599 538 2637 subvenit
549 2598 684 2648 (461-518).
709 2598 753 2636 Nec
763 2598 842 2649 segnius

125 2673 214 2720 puguant
229 2667 302 2710 Achivi,
316 2666 454 2717 caedunturque
467 2680 490 2704 ex
503 2666 589 2716 utrisque
604 2665 665 2708 multi,
681 2666 701 2702 in
713 2664 743 2702 his
753 2665 840 2714 Tlepole-

126 2749 169 2774 mus
183 2736 207 2774 ab
220 2735 344 2785 Sm⁴pedoue;
359 2735 437 2773 tandem
452 2733 550 2784 pelluntur
565 2732 662 2783 paullatim
677 2731 745 2769 Achivi
762 2728 842 2781 (519-

127 2805 183 2851 710),
214 2802 252 2841 His
265 2803 292 2841 ita
305 2801 436 2840 laborantibus
447 2813 471 2838 ex
480 2800 564 2850 Olympo
575 2800 689 2849 opitulatum
699 2799 780 2836 veniunt
789 2798 841 2835 Juno
