1936 3053
370 95 563 135 SUMMARIA.
786 97 826 134 xvii

107 206 276 257 Agamemnonem
287 211 357 249 coenat,
368 205 416 243 etin
427 205 508 242 alterum
519 204 570 242 diem
581 204 682 255 exsequias
691 203 764 242 indicat
776 206 826 252 (1—

109 272 152 323 58).
183 274 300 322 Insequente
315 278 372 310 nocte
387 285 422 324 per
436 272 519 322 quietem
536 271 616 309 offertur
630 276 650 309 et
663 271 729 322 imago
743 272 827 310 Patrocli

105 340 158 390 justa
167 340 255 378 funebria
267 340 365 390 poscentis
377 340 501 391 (59—107).
531 337 686 390 Agamemnonis
699 340 755 389 jussu
769 353 825 379 mane

107 407 241 445 convehuntur
253 407 313 458 ligna,
324 408 403 445 affertur
417 419 493 457 corpus,
504 406 564 444 comis
578 419 703 457 conspersum
714 407 796 445 Achillis
806 414 826 446 et

107 475 194 519 aliorum,
206 475 311 513 exstruitur
325 488 390 525 rogus,
401 480 421 512 et
435 474 524 512 mactatis
537 474 618 511 adeum
633 474 699 511 multis
708 474 791 512 victimis
806 480 826 513 et

108 542 209 580 duodecim
220 542 325 593 juvenibus
334 542 429 592 Trojanis,
441 541 558 586 accenditur,
569 541 661 591 ardetque
670 542 718 579 flatu
727 542 795 580 Boreae
806 549 825 581 et

107 609 198 660 Zephyri,
210 610 255 647 dum
267 609 357 647 Hectoris
367 622 437 659 corpus
447 623 459 647 a
468 609 545 648 Venere
555 614 574 646 et
584 608 676 659 Apolline
686 615 764 647 curatur
775 612 824 658 (108

106 687 160 712 —22
163 677 193 726 5).
223 676 313 714 Proxima
327 676 357 714 die
371 677 463 727 leguntur
476 677 527 714 etin
539 689 607 714 urnam
623 677 732 714 conduntur
742 677 824 715 Patrocli

107 754 157 789 ossa,
169 755 191 780 er
205 743 264 793 ipsius
278 749 323 782 roto
339 743 384 781 olim
398 756 442 781 cum
455 742 539 781 Achillis
553 744 638 794 reliquiis
653 744 755 787 socianda;
772 744 823 782 exci-

106 814 158 847 tatur
168 810 225 848 etiam
237 810 322 848 tumulus
333 810 436 848 subitarias
448 810 585 860 (cao—256).
616 810 653 847 His
663 810 683 847 in
693 810 779 848 defuncti
788 812 824 849 ho-

106 890 174 915 norem
184 877 250 927 adjicit
259 876 348 915 Achilles
358 877 464 915 certamina
474 877 497 915 de
507 877 560 914 vario
574 890 652 927 genere,
662 877 682 914 in
692 878 761 927 quihus
774 892 822 928 prae-

106 944 145 981 mia
159 950 179 981 et
193 957 273 981 munera
290 950 365 981 merent
381 943 477 993 principes
492 942 625 982 Achivorum:
643 944 696 994 equis
711 945 822 988 Diomedes,

106 1008 230 1054 Antilochus,
245 1011 352 1055 Menelaus,
367 1010 473 1053 Meriones,
488 1011 586 1054 Eumelus,
599 1010 674 1048 Nestor
686 1012 822 1062 (257-650),

105 1077 192 1127 pugilatu
208 1078 273 1127 Epeus
290 1084 309 1115 et
326 1078 420 1128 Euryalus
437 1077 578 1128 (651—699);
596 1078 687 1115 luctando
701 1078 752 1127 Ajas
767 1079 821 1116 Tela-

105 1143 182 1181 monius
192 1150 211 1182 et
220 1144 299 1195 Ulysses
309 1145 450 1196 (700—739);
466 1157 523 1181 cursu
531 1145 617 1195 Ulysses,
628 1145 679 1194 Ajarr
689 1145 753 1182 minor
759 1161 764 1189 ;
779 1146 821 1183 An.

105 1210 188 1248 tilochus
199 1213 339 1262 (740—797);
357 1211 474 1248 decertando
489 1211 546 1248 armis
556 1212 661 1248 Diomedes
674 1217 693 1249 et
702 1211 755 1262 Ajax
765 1212 821 1250 Tela-

106 1278 182 1315 monius
198 1278 338 1330 (798—825);
356 1278 408 1315 disco
423 1278 532 1327 Polypoetes
549 1278 690 1328 (azo-arpa
710 1279 821 1329 sagittando

106 1344 204 1381 Meriones
219 1350 238 1381 et
249 1345 322 1382 Teucer
334 1344 474 1395 (850-883);
488 1343 592 1393 jaculando
606 1346 728 1394 Agamemno
743 1351 763 1382 et
777 1345 820 1382 Me-

105 1411 168 1447 riones
180 1411 315 1461 (884-897).

423 1532 500 1569 XXIV.

132 1615 193 1653 Ludis
207 1616 290 1665 peractis
305 1629 364 1653 coenae
378 1629 485 1667 somnoque
497 1630 518 1654 se
532 1618 578 1654 dant
589 1618 670 1661 Achivi;
687 1618 772 1656 Achilles
787 1633 821 1656 no-

105 1687 156 1719 ctem
170 1683 280 1720 insomnem
294 1683 346 1720 ducit
361 1696 455 1733 maneque
467 1684 572 1721 Hectorem
586 1697 643 1721 curru
657 1685 759 1734 religatum
772 1685 822 1723 circa

59 1762 62 1764 ’
104 1749 200 1785 tumulum
211 1749 294 1786 Patrocli
307 1749 475 1798 raptat(r-18).
504 1750 553 1787 Eam
564 1750 699 1787 contumeliam
711 1751 775 1800 plures
787 1764 822 1801 per

105 1816 145 1852 dies
160 1815 261 1865 repetitam
276 1816 327 1853 inter
340 1816 391 1859 deos,
405 1816 475 1866 partim
489 1816 582 1860 dolentes,
595 1817 666 1866 partim
680 1817 774 1861 laetantes
784 1818 820 1855 mi.

104 1888 179 1920 seratus
189 1882 266 1931 Apollo,
274 1882 306 1931 qui
316 1895 385 1932 corpus
395 1883 458 1920 adhuc
467 1883 565 1932 integrum
576 1884 670 1929 servabat,
678 1884 763 1934 graviter
774 1897 819 1922 con-

104 1949 190 1998 queritur
201 1950 308 1999 (ro—54).
338 1949 406 1998 Itaque
418 1948 507 1998 luppiter
521 1962 556 1998 per
566 1949 674 1996 Theddem,
687 1951 711 1988 ab
723 1950 774 1988 Iride
789 1964 819 1988 ar-

104 2015 199 2058 cessitam,
214 2014 296 2064 imperat
307 2014 379 2051 Achilli
393 2019 415 2051 ut
429 2015 453 2052 ab
468 2015 541 2052 saevitia
556 2015 635 2053 desistat
650 2022 670 2054 et
684 2030 754 2066 corpus
768 2018 819 2055 redi-

103 2081 200 2119 mentibus
210 2081 285 2118 tradere
295 2093 319 2118 ne
329 2087 416 2124 recuset3
433 2081 489 2118 simul
499 2082 585 2130 ejusdem
599 2083 691 2120 mandatu
701 2084 738 2121 lris
748 2084 818 2121 cohor-

104 2155 156 2187 tatur
165 2149 261 2187 Priamum
272 2155 292 2186 ut
303 2150 367 2187 oblato
377 2150 515 2199 redemptionis
524 2150 586 2199 pretio
596 2151 657 2188 filium
666 2152 746 2202 recipiat
755 2154 819 2203 (55—

105 2216 162 2266 186).
192 2216 291 2253 Geruntur
300 2216 342 2254 haec
353 2216 467 2253 duodecimo
480 2221 524 2266 post
535 2222 618 2254 mortem
629 2217 722 2255 Hectoris
732 2219 769 2265 die,
780 2232 818 2270 quo

102 2282 189 2319 Priamus
206 2283 241 2319 sub
258 2288 343 2326 noctem,
360 2282 443 2321 Hecuba
457 2289 477 2320 et
491 2284 560 2321 ceteris
577 2285 666 2322 omnibus
684 2286 770 2329 remotis,
787 2286 819 2336 qui

101 2349 139 2386 iter
148 2355 276 2392 morarentur,
287 2349 372 2398 pretiosa
382 2350 432 2386 dona
444 2350 522 2401 colligit,
533 2351 601 2399 hisque
612 2364 688 2388 currum
702 2353 783 2395 onerari,
794 2353 818 2389 ab

102 2415 155 2452 Idaeo
172 2429 261 2465 praecone
276 2416 391 2458 ducendum,
407 2417 443 2454 sibi
458 2417 516 2454 alium
530 2418 593 2466 parari
606 2418 662 2468 jubet
676 2418 817 2467 (187-282):

102 2487 143 2518 tum
156 2482 248 2519 libatione
260 2482 311 2519 facta
321 2489 341 2520 et
351 2483 420 2520 dextro
434 2483 497 2520 omine
511 2489 589 2533 accepto
603 2484 640 2521 iter
649 2485 758 2534 ingreditur
769 2486 816 2535 (283

102 2551 186 2597 —330)<
216 2549 239 2587 Ei
254 2550 308 2587 Jovis
323 2550 383 2588 missu
397 2551 480 2588 occurrit
493 2551 609 2597 Mercurius,
622 2566 680 2602 aquo
695 2566 729 2602 per
744 2554 818 2604 sopitos

101 2613 170 2663 vigiles
180 2615 205 2652 ad
215 2616 359 2653 tabernaculum
371 2617 435 2654 herois
445 2617 546 2655 deducitur
558 2617 694 2669 (331-467).
724 2618 817 2662 Achilles,

101 2692 112 2716 a
121 2693 168 2730 rege
179 2681 263 2731 supplice
273 2682 328 2720 facile
339 2689 436 2729 exoratus,
446 2684 528 2734 pretium
541 2684 678 2734 redemptionis
689 2684 763 2734 accipit,
774 2699 816 2723 cor-

101 2759 137 2793 pus
145 2744 165 2783 ei
178 2747 240 2785 lotum
254 2755 273 2786 et
283 2750 370 2787 vestibus
378 2750 486 2788 involutum
500 2750 590 2793 restituit,
601 2750 691 2787 undecim
706 2751 746 2788 dies
761 2751 817 2788 indu-

100 2811 171 2849 ciarum
183 2814 207 2850 ad
217 2815 334 2863 sepulturam
346 2816 440 2860 concedit,
452 2829 548 2866 coenaeqne
560 2816 666 2854 adhibitum
682 2817 817 2855 honestissime
