1936 3053
146 118 199 162 xxiv
406 119 602 163 PRAEFATIO.

207 231 252 275 εἵως
262 232 285 274 ἓν
294 232 357 286 Τροίῃ
367 232 502 286 πολεμίζομεν
511 232 553 275 οἶες
562 233 658 286 Ἀχαιῶν.

147 322 184 365 ubi
200 338 267 381 quum
284 324 333 367 libri
348 324 436 382 quidum
452 325 484 367 ἐνί
499 324 613 380 praebeant
627 336 667 381 pro
683 323 713 373 ἐν,
727 321 864 365 scribendum

147 391 215 435 rideri
225 398 298 451 potest

208 477 249 520 εἷος
259 478 288 519 ε’νὶ
298 477 391 534 Τροίῃ-
447 480 466 506 ’-

147 572 173 611 ut
189 570 249 611 αὐτοῦ
264 570 294 612 ἐνὶ
309 571 434 623 κλιντῆρι-,
445 569 504 610 αὐτοῦ
522 568 552 611 ε’νὶ
567 567 708 626 Τροίῃ-ἧμαι
724 568 753 610 ένὶ
764 568 863 622 Τροίῃ-,
926 605 928 608 .

149 641 206 691 κῆται
216 640 245 681 ἐνὶ
256 638 468 697 llrctpcrv-lcgitur
479 639 622 696 183190.266.
634 650 668 692 24,
672 650 723 695 54²·
727 648 785 695 554„
797 653 864 694 quau-

148 724 214 765 qucm
229 709 307 751 horum
322 709 475 765 exemplorum,
486 707 509 749 in
525 707 603 765 quibus
617 707 702 750 hiatum
715 707 784 750 vitare
800 723 865 764 quem

147 778 265 821 admittere
277 778 404 836 praestabat,
414 777 471 820 ratio
487 776 560 834 paullo
576 776 618 820 aliu
634 782 673 820 est.
705 777 807 821 Ceterum
821 793 865 820 non

147 847 219 890 minus
229 853 290 892 certe
300 853 333 891 est
343 848 467 905 conjecture
475 847 598 890 Hermcnui
608 848 699 891 eandem
707 847 865 905 correptionem

147 918 260 974 particulae
280 920 338 964 τείως
354 933 394 975 pro
413 917 462 961 τέως
480 917 543 961 dictae
563 917 686 961 adhibitam
704 932 750 961 esse
768 933 782 961 α
799 922 865 975 poeta

149 987 213 1031 Iliad,
227 990 318 1045 19,189.

206 1082 292 1135 μιμνέτω
303 1081 372 1124 αὐτόθι
381 1086 440 1133 τεῖος,
452 1082 582 1136 ἐπειγόμενός
592 1099 629 1136 περ
636 1080 717 1135 'Apsos

148 1172 185 1215 ubi
195 1173 245 1216 libri
256 1174 309 1216 vitio
319 1174 435 1216 manifesto

205 1255 292 1308 μιμνέτω
303 1255 348 1296 αῧθι
358 1254 407 1300 τέως
417 1256 612 1309 &semtipsum—1

147 1347 205 1403 quod
218 1347 265 1403 jam
277 1350 361 1389 veteres
377 1349 518 1397 correctores,
532 1351 558 1389 ut
573 1361 600 1388 ex
616 1346 702 1389 scholiis
717 1351 816 1404 apparet,
828 1346 865 1390 alii

147 1416 210 1458 aliter
225 1416 333 1473 corrigere
348 1415 488 1458 studuerunt.-
517 1415 559 1468 (lui
575 1416 593 1457 si
608 1416 666 1458 iuter
680 1431 716 1459 eos
730 1416 818 1459 fuerunt
829 1415 866 1473 qui

148 1487 185 1530 ἕως
196 1487 235 1541 ἐγὼ
245 1486 268 1527 iu
277 1500 341 1528 versu
351 1485 420 1541 qualis
430 1489 464 1527 est
475 1485 515 1527 Od.
524 1498 545 1538 4,
554 1500 589 1542 90.
601 1486 713 1528 ferendum
721 1486 855 1543 judicarunt,

208 1578 245 1621 ἕως
255 1579 295 1632 ἐγὼ
306 1578 350 1632 περὶ
361 1581 418 1619 κεῖνα
427 1577 492 1618 πολὺν
502 1577 574 1628 βίοτον
585 1579 738 1631 συναγείρων-

147 1673 187 1712 aut
203 1670 240 1713 ἕως
256 1669 283 1711 ἔθ’
295 1669 391 1713 inversu
405 1684 419 1712 α
435 1668 563 1725 quibusdam
579 1668 661 1711 inserto
671 1673 722 1726 post
733 1669 758 1711 ll.
772 1684 805 1726 13,
814 1684 864 1727 434.

149 1743 178 1794 (v.
189 1737 264 1791 schol.)

208 1831 245 1874 έως
255 1829 281 1872 ἔθ’
292 1830 346 1883 ἥβην
357 1829 420 1885 εἶχεν,
432 1830 511 1884 ὄφελλε
522 1831 544 1872 δὲ
554 1830 634 1883 κοθριον
644 1830 711 1875 ἄνθος.

147 1921 232 1963 mireris
248 1936 322 1964 eorum
337 1922 512 1964 inconstantiam.
544 1922 601 1963 Nam
617 1922 634 1963 si
648 1921 682 1963 his
692 1923 776 1964 duobus
786 1922 808 1963 in
818 1938 865 1965 ver-

148 1991 207 2033 sibus
221 1991 292 2047 primu
301 1990 454 2033 vocabulorum
465 1992 505 2045 ἐγώ
516 1994 539 2033 et
549 1991 578 2033 ἔτι
588 1990 671 2046 syllaba
683 2006 723 2047 pro
737 1991 802 2048 longe
815 1992 866 2049 poni

147 2060 226 2116 potuit,
238 2059 313 2116 quidni
328 2060 385 2102 idem
400 2059 485 2101 licuerit
500 2059 523 2100 in
538 2060 620 2116 syllaba
634 2058 706 2116 prime
715 2059 775 2102 verbi
787 2061 865 2115 ἐπειγό-

147 2131 221 2182 μενοςὲ
244 2129 294 2171 Non
309 2130 379 2171 minus
394 2128 510 2171 manifesta
522 2128 583 2171 'fraus
597 2138 631 2171 est
645 2129 668 2170 in
682 2129 724 2171 alio
735 2144 799 2185 quem
809 2129 866 2171 Her-

147 2213 240 2240 munnus
249 2198 345 2254 neglexit
354 2212 418 2240 versu
429 2196 456 2238 Il.
468 2210 503 2249 20,
510 2210 545 2250 42.
556 2197 593 2239 ubi
608 2212 675 2253 quum
687 2197 710 2239 in
723 2197 784 2240 libris
799 2198 865 2255 scrip-

148 2272 197 2309 tum
207 2266 243 2316 sit,

208 2357 253 2400 εἵως
263 2356 301 2408 μέν
311 2355 330 2408 ῤ’
343 2355 445 2398 ἀπάνευθε
456 2356 497 2397 θεοὶ
508 2358 584 2408 θνητῶν
595 2356 644 2398 ἕσαν
655 2357 740 2410 ἀνδρῶν,

207 2425 257 2468 τέως
266 2424 348 2479 Ἀχαιοὶ
357 2426 396 2477 μὲν
405 2423 458 2478 μέγα
469 2425 554 2465 κύδανον
564 2429 612 2476 eto,

149 2517 240 2570 excepto
258 2513 398 2570 palimpsesto
417 2513 521 2556 Curetoni
538 2530 559 2571 p.
568 2525 610 2571 59.,
629 2515 651 2556 in
670 2529 712 2571 quo
730 2520 764 2557 est
779 2519 864 2557 Tutor

149 2586 255 2632 ΑΧΑΙΟΙ,
266 2587 319 2626 τεῖος
329 2583 409 2639 Ἀχαιοὶ
420 2583 557 2626 scribendum
567 2584 630 2635 foret,
641 2584 682 2625 nisi
696 2585 736 2626 hoc
747 2585 833 2642 quidem
843 2585 865 2626 in

148 2652 196 2694 loco
206 2652 340 2707 probabilius
350 2657 408 2695 esset
418 2654 474 2709 quod
488 2654 515 2695 ab
525 2653 634 2695 veteribus
645 2654 773 2710 quibusdam
784 2668 865 2696 correc-

149 2720 233 2762 toribus
251 2720 347 2777 positum
363 2726 469 2764 memoret
487 2722 610 2771 scholiasta,
629 2723 695 2776 τόφρα
710 2722 726 2764 δ’
737 2723 823 2777 Ἀχαιοί,
841 2729 864 2765 ut

149 2789 197 2831 aliis
212 2789 234 2830 iu
250 2788 417 2844 locis(velutll.
431 2800 520 2845 ro‚107.
542 2804 634 2844 11,411.
656 2803 689 2847 15,
699 2805 748 2848 390.
758 2801 808 2848 539.
833 2803 864 2847 17,
903 2808 907 2811 ·
