1936 3053
327 431 405 500 EA.
428 429 596 484 WOLFl

277 600 646 682 SllllllAlllA.

454 901 470 938 I.

106 992 208 1028 Rocacuu
224 990 248 1028 ab
263 990 318 1029 initio
336 991 395 1029 Musa
412 998 433 1029 ut
448 997 526 1029 cantum
541 992 640 1041 praecipiat
655 991 678 1029 de
694 989 780 1028 cladibus
796 987 820 1026 ad

105 1058 163 1096 Ilium
178 1057 261 1096 Achillis
280 1058 328 1096 iram
348 1058 471 1109 consequutis
489 1059 569 1108 (1—7.)
599 1058 658 1096 Venit
672 1058 692 1095 in
708 1056 820 1095 concionem

105 1124 227 1163 Achivorum
238 1124 329 1174 Chryses,
340 1126 429 1164 sacerdos
438 1124 542 1176 Apollinis,
552 1126 611 1163 filiam
622 1139 675 1164 suam
685 1125 820 1174 redempturus

104 1192 155 1230 bello
170 1205 232 1243 nuper
246 1198 321 1243 captam
337 1198 356 1230 et
366 1193 445 1231 honoris
460 1206 527 1231 caussa
539 1193 604 1231 datam
614 1191 759 1243 Agamemnoni
770 1192 820 1239 (8—

106 1261 148 1309 21).
178 1260 214 1297 Illo
224 1273 268 1297 curn
282 1260 389 1310 ignominia
401 1260 478 1310 repulso
487 1260 584 1298 funestam
597 1260 647 1298 luem
658 1259 731 1309 Apollo
741 1271 775 1309 per
785 1271 818 1296 ex-

105 1324 186 1364 ercitum
196 1325 271 1376 spargit
279 1326 386 1375 (aa—52).
408 1325 476 1364 Habet
485 1326 598 1364 concionem
609 1326 696 1364 Achilles
707 1326 731 1363 ob
741 1325 819 1375 placan-

105 1393 151 1430 dum
162 1393 225 1437 deum,
235 1392 255 1429 in
266 1405 303 1442 qua
314 1392 396 1430 Calchas
406 1397 460 1430 vates
468 1393 577 1431 calamitate
590 1405 623 1430 eos
636 1393 721 1430 levatum
730 1391 753 1429 iri
763 1392 820 1429 redu-

106 1460 167 1497 cenda
177 1459 284 1510 Chryseide
294 1465 366 1503 censet,
377 1464 455 1498 auctore
465 1459 559 1509 imprimis
568 1459 644 1498 Achille
655 1460 776 1510 (53-129).
791 1458 822 1496 Ita

105 1526 191 1564 irritatus
201 1526 323 1576 Agamemno
336 1526 408 1564 atrocia
420 1526 486 1577 jurgia
495 1526 555 1565 nectit
565 1540 609 1565 cum
619 1526 701 1571 Achille,
712 1532 731 1564 et
741 1525 821 1576 Chrysae

105 1592 182 1642 quidem
195 1593 255 1630 filiam
269 1592 350 1630 reddere
364 1606 404 1630 non
418 1598 501 1636 recusat,
514 1594 548 1631 sed
562 1594 595 1639 illi,
607 1593 658 1644 quod
673 1593 772 1644 praemium
781 1592 820 1629 vir-

105 1659 153 1698 tutis
162 1660 261 1704 retulerat,
272 1659 380 1698 Briseidem
390 1660 452 1710 eripit,
464 1661 551 1711 quamvis
565 1660 664 1699 obnitente
676 1660 762 1698 Nestore
773 1659 821 1708 (130

106 1738 173 1775 —311
185 1733 204 1765 et
215 1726 341 1778 318-347).
371 1726 416 1766 Hac
431 1728 520 1766 incensus
535 1728 605 1778 injuria
614 1728 681 1766 statuit
691 1740 735 1766 acer
744 1726 821 1776 juvenis

105 1807 126 1832 se
136 1807 180 1832 cum
191 1793 348 1845 Myrmidonibus
358 1808 370 1832 a
379 1794 424 1832 belli
435 1795 527 1833 societate
537 1796 652 1845 sejungere:
668 1794 719 1845 quod
733 1793 822 1843 proposi.

106 1868 148 1899 tum
160 1875 172 1899 a
181 1866 243 1899 matre
256 1862 298 1911 ejus
307 1861 390 1899 Thetide
402 1862 534 1908 confirmatur,
546 1876 587 1911 quae
603 1869 622 1900 et
635 1860 750 1912 supplicanti
764 1860 820 1898 ultio·

105 1942 150 1967 nem
165 1927 261 1979 promittit
274 1927 408 1977 (348—427).
438 1927 516 1966 Interea
530 1928 606 1978 publice
620 1929 713 1967 lustratur
725 1928 821 1966 exercitus

105 2002 125 2034 et
135 2008 190 2034 sacra
199 1996 249 2033 finnt
258 1994 343 2045 Apollini
354 1995 482 2045 (312-317)
491 2010 496 2032 :
512 2001 552 2033 tum
564 1996 657 2045 Chryseis
670 1996 749 2033 domum
762 1995 820 2032 redu·

106 2063 155 2102 citur
164 2075 203 2100 una
212 2075 255 2100 cum
270 2061 339 2098 hostiis
353 2061 486 2110 piacularibus,
497 2062 566 2111 quibas
577 2063 667 2100 mactatis
682 2062 744 2100 scelus
755 2062 820 2112 expia-

105 2136 137 2168 tur
148 2128 283 2179 (428—487).
306 2127 384 2165 Thetidi
391 2128 433 2178 jam
443 2127 548 2179 Olympum
559 2129 636 2167 adeunti
646 2129 736 2179 anpiter
746 2129 821 2167 occulte

106 2197 179 2240 annuit,
190 2196 272 2233 victores
282 2195 301 2231 in
312 2194 383 2245 proeliis
393 2195 434 2233 fore
444 2195 545 2245 Trojanos,
557 2196 618 2233 donec
629 2196 698 2234 Achilli
710 2197 733 2233 ab
741 2195 821 2233 Achivis

106 2263 226 2301 satisfactum
235 2261 293 2300 fuerit
303 2261 437 2312 (488—533).
457 2262 561 2308 lunonem,
571 2263 661 2300 infestam
668 2262 763 2311 Trojanis,
771 2275 820 2313 pun-

106 2338 156 2381 gunt
165 2330 207 2368 haec
217 2329 336 2367 claudestina
346 2328 425 2366 consilia
431 2345 436 2373 ;
451 2329 497 2367 inde
511 2330 585 2367 rixatur
598 2343 642 2367 cum
651 2329 701 2367 Jove
715 2342 772 2379 super
782 2342 820 2367 cce·

105 2411 150 2435 nam
169 2396 304 2447 (534-567).
334 2396 363 2433 Ea
375 2409 396 2433 re
411 2397 536 2434 contristatur
546 2397 608 2434 omnis
622 2409 724 2434 consessus
734 2397 820 2439 deorum,

106 2477 154 2514 quos
164 2464 242 2502 tandem
253 2462 277 2501 ad
286 2462 403 2501 hilaritatem
413 2469 491 2501 revocat
501 2464 599 2501 Vulcanus
611 2463 745 2514 (568-611).

449 2579 476 2618 Il.

390 2671 397 2694 1
410 2670 501 2706 mJunam
514 2657 595 2701 ulturus,
610 2657 692 2708 speciem
706 2662 819 2695 nocturnam

105 2724 165 2761 mittit
180 2725 204 2761 ad
217 2725 391 2774 Agamemnonem,
406 2737 448 2774 qnae
462 2737 505 2761 eum
519 2724 544 2761 ad
558 2724 717 2761 committendum
732 2724 820 2774 proelium

105 2802 139 2838 spe
149 2790 234 2828 victoriae
249 2791 316 2829 incitet
327 2794 420 2840 (1-40).
450 2789 490 2828 Sub
500 2791 562 2829 lucem
573 2793 694 2841 Agamemno
704 2803 745 2828 rem
756 2796 776 2828 et
785 2791 820 2827 im-

448 2870 458 2893 c
471 2869 479 2893 a
