1936 3053
355 106 553 150 PRAEFATIO.
773 109 810 152 xxi

93 231 108 259 a
118 230 145 259 m.
157 230 200 259 rec.
270 227 318 272 770.
330 216 369 259 αἰεὶ
380 230 469 271 ν11111γρ.
482 220 523 259 εῖεν
534 215 582 270 (sic)
651 216 700 273 776.
711 218 733 259 δὲ
744 216 810 267 στένε,

629 295 638 311 α

94 320 132 362 sed
142 335 211 378 marg.
222 335 236 363 a
245 334 274 363 m.
285 334 327 363 rec.
339 319 411 362 ἔστενε
470 320 519 362 802.
532 319 698 374 συναγειρόμενοι

123 388 235 433 Sufficiant
245 390 298 433 haec
308 394 334 432 ut
345 389 421 446 optimi
432 388 499 432 etiam
509 388 558 432 libri
569 389 667 445 exemplo
677 388 812 446 intelligatur

93 460 248 503 auctoritatem
263 459 362 503 codicum
378 458 415 517 qui
430 474 487 501 nunc
503 463 619 516 supersunt
633 458 692 501 nulla
707 465 812 516 exparte

93 529 190 572 sufficere
207 530 235 573 ad
251 529 417 573 instaurandum
431 533 527 572 veterem
542 529 620 571 horum
635 529 755 571 carminum
770 530 812 572 for-

92 613 157 650 mam,
174 600 212 643 sed
228 600 296 643 multo
313 600 361 657 plus
377 599 515 643 tribuendam
533 613 579 642 esse
595 598 742 656 antiquiorum
758 615 812 657 quos

93 684 159 727 supra
175 669 275 713 dicebam
290 669 384 713 fontium
400 668 587 727 pervestigationi,
603 668 720 725 plurimum
737 675 812 713 autem

92 754 148 796 quae
165 739 238 797 potior
253 739 362 783 codicibus
379 744 413 782 est
430 738 518 787 rationi,
530 754 573 796 qua
590 753 634 780 non
650 738 719 780 solum
735 744 812 784 contra

91 808 199 860 librarios,
210 810 249 852 sed
263 809 329 852 etiam
344 814 421 851 contra
436 808 590 866 grammaticos
602 811 687 851 veteres
702 823 746 851 non
760 825 811 853 raro

91 879 197 922 utendum
213 884 246 922 est
261 894 327 936 quum
342 879 365 921 in
379 879 508 922 lectionibus
521 878 645 935 judicandis
657 883 704 921 tum
714 894 812 936 pracser-

92 949 133 992 tim
147 950 170 992 in
185 950 211 992 iis
226 950 292 993 rebus
303 964 358 1006 quae
370 949 399 992 ad
413 949 532 992 dialectum
542 954 565 991 et
575 949 752 1006 orthographiam
762 965 810 1007 per-

91 1019 169 1072 tinent,
180 1019 202 1061 in
213 1034 255 1077 quo
265 1034 343 1077 genere
356 1020 425 1062 multa
436 1019 554 1062 etiamnum
564 1019 664 1061 feruntur
673 1019 706 1062 vel
716 1020 745 1063 ab
755 1021 811 1063 anti-

92 1104 184 1147 quorum
194 1094 318 1147 temporum
327 1089 421 1132 librariis
435 1089 496 1132 illata
506 1090 540 1132 vel
550 1105 564 1132 a
574 1088 722 1147 grammaticis
733 1104 810 1146 parum

91 1161 210 1217 prudenter
230 1159 361 1217 excogitata,
382 1160 439 1217 quod
462 1158 565 1216 exemplis
588 1158 672 1216 aliquot
696 1159 810 1202 ostendere

91 1230 168 1288 placet.

440 1305 458 1347 Ι.

122 1391 238 1447 ll.1,147.
257 1390 303 1446 ὄφρ’
321 1393 369 1445 ἡμῖν
387 1391 485 1446 ἑκάεργον
503 1390 609 1447 ἱλάσσεαι]
632 1390 680 1444 ἥμιν
696 1390 719 1432 in
737 1390 809 1433 codice

92 1461 179 1505 Veneto
189 1461 293 1518 scriptum
304 1475 351 1503 esse
361 1475 427 1518 supra
438 1460 542 1512 dicebam,
554 1459 590 1516 qui
601 1459 668 1502 etiarn
679 1459 731 1503 alibi
743 1460 810 1503 inter-

92 1533 143 1574 dum
152 1531 200 1584 ἥμιν
209 1533 256 1584 ὕμιν
265 1530 299 1573 vel
308 1531 356 1584 ἧμιν
365 1531 412 1584 ὗμιν
422 1531 508 1587 praebet
521 1545 549 1572 ex
562 1535 671 1587 praecepto
682 1531 810 1587 grammati-

91 1616 166 1644 corum
177 1601 234 1658 quod
244 1601 272 1643 ab
283 1600 400 1644 scholiasta
410 1600 438 1644 ad
448 1601 505 1643 hunc
517 1600 588 1643 locum
603 1600 693 1657 aliisque
702 1615 810 1658 gramma-

90 1672 140 1715 ticis
151 1671 271 1728 expositum
282 1676 322 1714 est.
353 1672 415 1714 Duas
429 1670 486 1713 enim
499 1670 645 1713 distinxerunt
658 1671 744 1724 formae,
756 1672 809 1715 alte-

91 1757 138 1785 ram
153 1741 322 1796 ὀρθοτονονμένην
335 1742 382 1794 ἡμῖν
394 1744 447 1794 ἡμῖν,
458 1741 550 1783 alteram
566 1741 686 1784 encliticam
699 1742 746 1794 ἥμιν
756 1743 808 1795 ὕμιν,

90 1811 124 1854 vel
134 1811 171 1854 uhi
181 1810 271 1854 trochaei
285 1825 386 1854 mensura
401 1811 472 1853 locum
486 1811 578 1854 haberet
588 1811 635 1864 ἧμιν
645 1812 698 1864 ὗμιν,
709 1812 809 1854 eandem-

91 1895 132 1938 que
150 1881 258 1924 rationem
275 1880 370 1938 genitivo
388 1885 411 1923 et
428 1880 554 1923 accusativo
574 1880 726 1933 adhibuerunt,
744 1882 809 1924 modo

90 1950 157 2004 ἡμέων
167 1949 238 2003 ὑμέων,
249 1950 310 2003 ἡμέας
324 1950 395 2003 ὑμέας,
408 1950 473 1992 modo
488 1950 555 2003 ἡμέων
565 1951 639 2003 ducar,
649 1951 700 2003 ἡμας
715 1952 765 2004 ἡμας
775 1951 809 1994 vel

89 2021 141 2074 ἡμας
151 2021 202 2073 ἡμας
212 2019 337 2070 scribendis,
348 2034 389 2076 ego
399 2035 449 2062 vero
459 2020 542 2075 rejecta
554 2020 614 2062 inani
629 2020 750 2063 subtilitate
760 2021 807 2064 ubi-

91 2105 132 2148 que
142 2090 222 2132 formas
233 2089 409 2144 dpdororouue‘vus,
419 2093 441 2131 ct
451 2089 473 2131 in
484 2089 557 2132 dativo
569 2090 655 2146 quidem
665 2091 713 2143 ἡμῖν
720 2093 767 2143 ὑμῖν
774 2091 807 2134 vel

89 2159 127 2201 ubi
143 2160 238 2202 trochaeo
254 2173 308 2216 opus
325 2162 382 2201 esset
398 2159 444 2212 ἡμίν
458 2160 510 2211 ὑμίν,
524 2158 623 2202 restitui:
640 2160 724 2216 dequo
741 2175 807 2217 quum

89 2244 158 2287 nuper
173 2229 215 2272 alio
230 2229 277 2272 loco
293 2228 419 2285 explicatius
435 2228 532 2277 dixerim,
543 2229 577 2271 hic
592 2229 645 2272 satis
660 2229 701 2272 erit
711 2230 807 2274 breviter

89 2299 215 2356 repetivisse
227 2299 304 2356 quibus
315 2299 391 2341 horum
402 2299 551 2355 pronominum
564 2299 639 2341 formis
653 2314 737 2356 quaque
748 2316 807 2344 men-

89 2384 140 2412 sura
150 2373 220 2426 poetae
232 2370 285 2425 epici
293 2372 376 2411 veteres
386 2369 419 2411 usi
430 2369 480 2412 sint.

121 2453 138 2481 r.
156 2439 308 2482 Nominativus
329 2443 455 2481 constanter
474 2443 508 2481 est
528 2440 585 2492 ἡμεῖς
602 2441 664 2492 ὑμεῖς,
682 2454 726 2482 non
746 2440 806 2493 ἡμέες

88 2509 153 2562 ὑμέες,
165 2510 222 2565 quod
237 2509 266 2551 ab
281 2509 366 2551 nemine
377 2513 458 2566 praeter
473 2508 616 2552 Parthenium
627 2509 659 2563 (in
673 2509 766 2552 carmine
780 2515 805 2554 ut

88 2578 174 2622 videtur
184 2579 242 2636 quod
254 2593 281 2621 ex
295 2578 355 2635 puris
369 2578 467 2636 dactylis,
479 2579 566 2622 excluso
581 2579 683 2635 spondeo,
700 2580 805 2636 composi-

88 2651 136 2689 tum
153 2647 204 2703 fuit)
222 2647 304 2690 dictum
322 2662 368 2690 esse
384 2647 498 2691 annotarit
515 2647 642 2704 Apollonius
659 2647 764 2704 Dyscolus
781 2648 804 2690 in

87 2716 142 2765 libro
160 2718 187 2760 de
203 2717 330 2774 pronomine
344 2733 365 2775 p.
374 2718 433 2774 378,
450 2717 532 2760 librarii
542 2733 593 2760 vero
608 2733 666 2775 saepe
683 2718 804 2761 intulerunt

89 2786 209 2840 Herodoto,
221 2788 248 2830 de
259 2803 301 2845 quo
312 2788 356 2830 dixi
365 2788 392 2830 'in
406 2788 587 2832 commentatione
598 2789 625 2831 de
636 2788 729 2832 dialecto
740 2789 803 2845 hujus
