1936 3053
40 95 116 144 XIII.¹
404 100 526 143 ΙΛΙΑΔΟΣ
540 101 570 144 N.

129 208 212 272 άφνειάς
223 213 242 258 τ’
251 207 328 274 άγαθάς
339 230 369 266 τε,
382 206 483 274 Κορινθάθι
496 206 550 256 οἷκία
562 208 625 266 ναίων,

132 286 267 336 (Ιηῗῖδκ
310 283 449 334 κὶῖλλδλ
485 284 529 305 λὶί

129 309 173 354 οςρ
192 311 215 337 ευ
226 311 243 337 ει
257 310 283 343 ως
294 309 331 353 κηρ
347 309 356 335 ο
372 307 404 345 οην
416 308 448 334 επι
461 307 506 345 νηος
518 291 605 344 εβαινεν.

128 368 218 416 πολλάκι
229 368 270 433 γάρ
282 367 302 415 οί
312 366 367 414 ’έειπε
375 365 440 430 ,γέρων
451 364 528 429 άγαθδς
539 366 653 422 Πολιίειδος

129 445 191 511 νοιίσρ
203 446 237 494 ὑπ’
246 445 339 512 άργαλέη
351 443 435 506 φθίσθαι
449 442 478 499 οἷς
490 444 509 492 ἒν
520 445 647 511 μεγάροισιν,

128 523 142 585 ἢ
153 524 200 589 μετ’
208 524 298 589 Ἀχαιῶν
310 522 378 584 νηυσίν
390 521 427 571 ῶπδ
438 521 534 587 Τρῶεσσι
546 524 640 587 δαμῶνακ

128 609 157 669 τῷ
167 603 188 669 ρ’
196 600 243 665 άμα
254 605 274 650 τ’
282 601 386 668 άργαλέην
398 602 446 661 θωην
457 602 544 650 ἀλέεινεν
553 602 644 667 Ἀχαιῶν

59 712 62 715 <
129 681 196 731 νοῶσάν
207 703 231 730 τε
243 681 350 746 στυγερὴν,
362 677 394 728 ίνα
404 682 436 743 μη
447 682 505 729 πάθοι
519 680 588 746 άλγεα
600 687 661 748 θυμῷ.

128 760 162 809 τῶν
172 762 225 818 βάλ’
235 758 273 809 ῶπδ
284 765 380 825 γναθμοῖο
392 758 427 808 καί
439 760 517 815 οῶατος·
537 756 579 809 ῶκα
591 761 612 809 δὲ
624 759 686 824 θνμδς

129 836 190 904 ᾤχετ’
199 838 238 888 οἷπδ
249 839 333 903 μελέων,
347 837 446 904 στνγερθς
458 840 475 886 δ’
484 836 524 904 άρα
536 861 571 902 μιν
584 837 657 893 σκίτος
670 837 730 887 εἷλεν.

157 915 201 979 Ὦς
213 918 233 966 οἱ
241 918 279 982 μὲν
290 919 390 983 μάρναντο
403 918 467 981 δέμας
479 916 540 984 πνρδς
552 918 669 981 αἰθομένοιο·

122 992 206 1063 Ἕκτωρ
218 996 235 1044 δ’
245 996 280 1045 οὔκ
292 997 394 1045 έπέπνστο
406 996 503 1059 διίφιλος,
517 995 563 1045 οὐδέ
572 1019 592 1044 τι
605 994 642 1063 ᾔδη

129 1073 173 1123 ίττι
185 1076 211 1141 ῥά
223 1076 242 1124 οἷ
252 1082 299 1134 νηῶν
311 1074 341 1124 ἔπ’
349 1075 447 1141 άριστερδι
459 1074 549 1134 δηῖάωντο

129 1151 176 1201 λαοί
188 1152 221 1201 ὑπ’
230 1151 332 1218 Ἀργείων.
358 1154 417 1216 τάχα
429 1152 445 1199 δ’
454 1151 477 1200 άν
489 1151 524 1201 καί
535 1154 593 1207 κῦδος
603 1153 692 1217 Ἀχαιῶν

129 1230 210 1279 έπλετο·
228 1238 281 1285 τοῖος
292 1230 333 1298 γάρ
344 1232 444 1296 γαιήοχος
456 1231 579 1295 ἐννοσίγαιος

127 1307 194 1375 ῶτρυν’
203 1308 313 1376 Ἀργείους,
326 1308 375 1375 πρδς
386 1310 407 1357 δέ
420 1311 482 1358 σθένει
495 1309 557 1365 αῶτδς
568 1307 648 1372 ῶμυνεν·

127 1387 176 1434 ἀλλ’
186 1387 232 1452 ’έχεν
243 1383 256 1454 ᾗ
267 1388 295 1435 τῶ
306 1395 376 1455 πρῶτα
387 1389 455 1442 πάλας
467 1386 501 1436 καί
513 1395 584 1453 τεῖχος
597 1389 681 1446 ἐσᾶλτο,

127 1466 237 1531 ῥηξάμενος
248 1470 332 1514 Δαναῶν
343 1466 427 1521 πυκινῶς
440 1466 518 1531 στίχας
530 1467 657 1524 ἀσπιστάων,

128 1544 164 1592 ’ἔνθ’
176 1543 225 1592 ’έσαν
237 1543 324 1598 Αίαντάς
335 1566 358 1592 τε
370 1546 412 1598 νέες
423 1542 458 1593 καί
471 1547 620 1610 Πρωτεσιλάου

127 1622 160 1670 θῖν’
173 1620 206 1685 ’ἔφ’
215 1621 265 1677 ἁλδς
276 1629 349 1683 πολιῆς
361 1623 468 1689 είρωμέναι1
488 1622 553 1689 αῶτδιρ
566 1621 647 1689 ῶπερθεν

127 1708 198 1764 τεῖχος
209 1701 306 1765 έδεδμητο
317 1701 488 1767 χθαμαλῶτατον,
502 1702 547 1751 ’ένθα
558 1704 655 1766 μάλιστα

127 1786 224 1845 ζαχρηεῖς
235 1779 326 1844 γίγνοντο
336 1781 398 1846 μάχη
410 1780 472 1828 αῶτοί
480 1803 503 1828 τε
516 1779 551 1828 καί
563 1777 627 1828 ίπτοι.

157 1855 221 1905 Ἔνθα
233 1858 254 1906 δὲ
264 1856 349 1906 Βοιωτοί
360 1857 396 1906 καί
408 1861 480 1913 Ἰάονες
491 1858 631 1923 ἑλκεχίτωνες,

127 1934 200 2001 Λοκροί
211 1934 247 1983 καὶ
258 1941 315 1984 Φθῖοι
327 1934 363 1984 καί
374 1935 517 1999 φαιδιμάεντες
527 1935 612 1994 Ἐπειοί,

83 2060 85 2064 .
128 2013 206 2080 σπονδῇ
218 2011 344 2062 ἕπαίσσοντα
355 2021 399 2061 νεῶν
411 2014 463 2077 έχον,
476 2014 514 2062 οὔδ’
525 2014 615 2062 ε’διίνοιντο

127 2086 179 2138 ῶσαι
191 2089 231 2138 άπδ
244 2091 320 2153 σφείων
331 2090 397 2156 φλογί
409 2091 484 2140 είκελον
490 2089 584 2156 Ἕκτορα
596 2091 641 2148 δῖον,

128 2170 147 2217 οἱ
157 2169 194 2231 μέν
205 2169 311 2228 Ἀθηναίων
322 2170 488 2236 προλελεγμένοι·
507 2170 526 2217 έν
537 2169 554 2216 δ’
566 2166 606 2234 ῶρα
617 2175 682 2217 τοῖσιν

127 2245 173 2313 ἦρχ’
186 2246 228 2301 νίδς
240 2252 324 2296 Πετεῶο
337 2248 460 2305 Μενεσθεὺς,
473 2248 492 2296 οἱ
502 2248 520 2295 δ’
529 2246 566 2312 ἅμ’
577 2247 645 2295 ’έποντο

126 2323 206 2380 Φείδας
217 2348 241 2374 τε
252 2324 340 2391 Στιχίος
351 2349 375 2375 τε
386 2326 440 2381 Βίας
451 2327 470 2376 τ’
481 2324 520 2381 ἐῶς’
540 2326 604 2392 αὐτὰρ
616 2325 702 2374 Ἐπειῶν

126 2404 232 2463 Φυλείδης
243 2425 266 2452 τε
279 2404 354 2469 Μέγης
367 2404 461 2468 Ἀμφίων
472 2427 496 2453 τε
507 2404 598 2470 Δρακίος
609 2426 639 2462 τε,

126 2481 164 2548 πρῶ
175 2481 240 2530 Φθίων
251 2482 272 2530 δὲ
284 2483 357 2530 Μέδων
368 2505 392 2531 τε
403 2481 555 2547 μενεπτάλεμάς
566 2504 590 2530 τε
603 2482 719 2547 Ποδάρκης.

126 2559 171 2619 ἦτοι
183 2563 194 2609 o‘
204 2560 242 2623 μὲν
253 2558 305 2614 νάθος
317 2559 359 2614 νῶς
369 2561 454 2622 Ὀὶλῆος
465 2561 522 2610 θείοιο

127 2637 182 2695 έσκε,
195 2638 274 2695 Μέδων,
286 2637 374 2693 Αίαντος
386 2639 493 2702 ἀδελφεάς
513 2639 577 2704 αθτδιρ
590 2637 651 2687 έναιεν

127 2716 147 2764 ἓν
158 2716 252 2784 Φνλάκη,
264 2714 327 2780 γαίης
339 2714 378 2764 άπο
390 2719 496 2784 πατρίδος,
509 2716 569 2784 άνδρα
581 2715 693 2771 κατακτὰς,

311 2806 356 2856 692.
367 2807 435 2857 Μέγης]
448 2808 506 2858 Μέγης
515 2812 531 2845 τ’
540 2807 658 2845 Zenodotus.
