1936 3053
124 113 145 149 xl
388 110 571 150 F.A.WOLFI

121 220 217 270 principes
227 221 329 258 confirmat
338 220 450 266 Diomedes,
461 226 480 258 et
491 219 515 258 ad
524 219 648 270 pertinaciam
659 218 759 269 pugnandi
772 217 838 280 horta-

121 292 153 324 tur
165 287 303 338 (669—713).

467 389 492 427 X.

150 486 271 536 Agamemno
286 483 379 522 insomnis
395 498 438 522 eum
451 484 510 522 fratre
526 484 617 522 Menelao
633 482 687 521 lectis
701 488 782 520 evocant
795 482 836 520 Ne-

121 561 194 590 storem
205 560 224 591 et
234 553 282 590 alios
296 552 409 602 principum,
421 565 465 590 cum
475 552 535 602 iisque
547 552 637 589 excubias
651 551 676 588 ad
682 550 755 587 fossam
766 551 838 588 obeunt

122 620 231 670 (1—193).
261 619 347 657 Consilio
357 619 383 656 ibi
397 626 418 657 ut
431 619 542 669 intrepidis
556 620 614 657 rebus
628 618 693 656 habitu
704 617 836 667 mittuntspe-

120 687 216 724 culatores
232 687 252 724 in
267 693 331 723 castra
344 685 429 737 Trojana
445 686 565 726 Diomedem,
578 691 634 736 atque
650 685 741 735 Ulyssem
760 686 837 736 (194-

122 757 178 802 271).
209 753 248 791 His
258 754 377 802 aliquantum
386 753 495 803 progressis
508 766 583 802 praepes
598 753 638 790 avis
652 764 766 802 prosperum
778 764 837 803 augu-

120 820 170 857 rium
185 821 241 858 affert
258 819 396 870 (πῃ-298).
426 820 501 857 Eodem
518 825 605 870 tempore
624 819 741 856 Achivorum
758 818 838 856 consilia

120 887 242 937 exploratum
253 887 351 937 prodierat
360 887 456 938 Trojauus
467 887 551 937 quidam,
562 887 619 930 Dolo,
630 886 723 924 Hectoris
737 886 837 936 promissis

119 954 217 1000 incitatus,
228 968 285 1005 quem
300 955 324 991 ad
339 954 414 991 navalia
424 968 483 1004 quum
493 954 577 991 maxime
587 954 699 992 tendentem
709 953 736 990 illi
748 966 835 1003 compre·

119 1021 208 1059 hendunt
219 1021 355 1073 (299—381).
385 1022 423 1059 Hic
434 1034 492 1070 quum
506 1021 565 1058 m'tam
580 1021 616 1059 sibi
631 1021 744 1070 deprecatus
759 1033 836 1058 omnem

120 1087 178 1125 sitnm
189 1094 296 1126 castrorum
306 1094 325 1125 et
338 1087 370 1125 ubi
385 1088 469 1131 Rhesus,
480 1101 514 1125 rex
525 1087 629 1131 Thracum,
639 1088 728 1125 tenderet
740 1087 836 1131 indicavit,

118 1155 228 1205 proditura
237 1155 332 1192 Diomede
342 1155 436 1192 occiditur
447 1154 581 1204 (382--464).
610 1154 654 1192 lam
669 1160 753 1204 pergunt
766 1154 790 1191 ad
804 1167 836 1191 cu-

120 1222 166 1259 bilia
180 1221 247 1263 Rhesi,
263 1235 319 1272 quern
335 1222 393 1259 modo
406 1221 518 1259 subvenisse
534 1235 577 1259 cum
593 1222 702 1271 insignibus
716 1222 769 1271 equis
782 1222 835 1259 audi-

120 1295 182 1332 erant,
191 1296 210 1327 et
217 1289 279 1339 ipsum
290 1289 366 1338 quidem
378 1302 422 1327 cum
432 1289 534 1327 duodecim
544 1289 601 1326 sociis
611 1289 714 1326 obtruncat
724 1289 835 1334 Diomedes,

118 1367 178 1404 equos
188 1356 257 1394 avertit
267 1356 348 1406 Ulysses
359 1356 495 1406 (465—503).
522 1354 600 1393 Heroe's
611 1368 622 1392 a
632 1355 723 1392 Minerva
733 1356 802 1393 moniti
811 1369 836 1393 ne

119 1434 153 1470 spe
168 1422 223 1471 plura
237 1422 336 1472 praedandi
354 1422 425 1460 diutius
442 1428 547 1465 morentur,
565 1422 610 1460 dum
627 1421 700 1472 Apollo
717 1422 801 1461 Thraces
816 1429 835 1460 et

118 1488 214 1542 Trojanos
224 1491 302 1534 excitat,
314 1489 360 1528 salvi
371 1490 395 1527 ad
406 1502 451 1527 suos
460 1494 585 1527 revertuntur
595 1490 730 1539 (504—579),

461 1609 496 1646 Xl.

147 1685 257 1724 instructus
274 1686 378 1736 splendidis
394 1686 453 1724 armis
468 1689 590 1736 Agamemno
603 1700 659 1725 mane
675 1687 739 1737 copias
755 1701 799 1725 suas
814 1689 834 1725 in

119 1753 179 1790 aciem
190 1754 260 1798 educit,
272 1754 329 1791 simul
340 1753 414 1791 Hector
425 1753 483 1791 etalii
496 1753 591 1804 principes
601 1755 728 1804 Trojanorum
740 1755 833 1805 (1—66).

118 1818 200 1857 Insolita
210 1821 282 1858 virtute
292 1820 451 1871 Agamemnonis,
463 1833 505 1870 quae
516 1825 535 1857 et
544 1819 663 1871 incognitam
673 1821 749 1859 turbam
759 1822 834 1859 infiam-

118 1892 165 1929 mat,
175 1886 254 1938 Trojani
263 1892 416 1931 commorentur,
424 1900 496 1937 magna
503 1887 557 1924 clade
567 1893 647 1938 accepta
656 1888 776 1937 (67-162).
793 1889 834 1926 He.

118 1958 161 1990 ctor
175 1954 216 2003 ipse
232 1955 257 1992 ad
271 1954 324 1992 urbis
340 1967 400 2003 usque
415 1954 486 1991 moenia
500 1954 588 2003 repulsus
602 1955 657 1993 Jovis
670 1955 726 2004 jussu
740 1956 834 2005 impetum

117 2019 199 2057 furentis
214 2021 318 2059 adversarii
333 2020 422 2066 declinat,
438 2021 500 2058 donec
514 2021 546 2058 ille
559 2022 634 2059 saucius
652 2022 719 2073 proelio
736 2023 835 2072 egreditur

119 2087 257 2138 (163-283).
287 2088 332 2134 Quo
342 2088 393 2126 facto
404 2088 479 2125 Hector
488 2088 513 2125 ad
526 2089 653 2139 pugnandum
667 2089 718 2126 redit
731 2095 750 2127 et
762 2102 834 2127 novum

117 2154 207 2193 ardorem
223 2155 285 2205 injicit
301 2155 339 2192 suis
356 2154 490 2203 (284—309).
519 2153 588 2191 Aciem
603 2154 714 2192 inclinatam
729 2154 834 2192 restituunt

117 2221 229 2267 Diomedes,
241 2222 328 2272 Ulysses,
339 2221 402 2270 Ajax:
419 2220 453 2257 sed
463 2220 567 2258 Diomedes
577 2234 588 2258 a
598 2221 666 2258 Paride
675 2221 786 2258 vulneratus
796 2220 834 2258 cito

118 2287 143 2325 ad
153 2300 212 2325 naves
222 2288 320 2325 revehitur
331 2287 472 2335 (gro—400);
488 2285 535 2322 item
543 2285 624 2337 Ulysses
634 2287 745 2325 vulneratus
755 2301 766 2325 a
776 2286 834 2331 Soc0‚

118 2360 176 2403 atque
186 2366 209 2391 eo
219 2353 313 2392 transfixo
326 2365 338 2389 a
346 2351 435 2401 Trojanis
449 2352 596 2395 circumventus,
608 2365 644 2402 ope
657 2353 742 2390 Menelai
755 2359 775 2391 et
786 2352 834 2403 Aja-

118 2421 145 2458 cis
156 2419 274 2458 dimicationi
287 2418 366 2469 eripitur
379 2417 518 2467 (401-488);
534 2431 581 2456 mox
595 2419 669 2456 Paridis
683 2420 760 2469 sagittis
769 2420 835 2458 vulne-

117 2494 185 2525 rantur
195 2487 279 2525 Machao
290 2494 310 2523 et
319 2484 429 2534 Eurypylus
441 2484 577 2535 (489—596).
604 2486 733 2524 Machaonem
744 2485 834 2524 Nestoris

118 2566 175 2591 curru
185 2552 357 2602 praetervehentem
368 2550 490 2600 conspicatus
500 2550 586 2589 Achilles
595 2552 706 2590 Patroclum
715 2552 775 2591 mittit
784 2566 833 2603 prae-

118 2619 180 2658 sentia
195 2619 318 2669 cogniturum
332 2616 467 2667 (597—617).
496 2616 517 2654 Is
530 2617 564 2655 ubi
578 2618 708 2656 Machaonem
722 2619 807 2669 agnovit,
823 2633 835 2657 a

117 2685 203 2723 Nestore
212 2684 339 2722 miserrimam
349 2682 448 2720 fortunam
461 2682 524 2732 proelii
536 2682 627 2721 edocetur
640 2690 764 2735 rogaturque.
772 2691 794 2723 ut
803 2686 833 2723 vel

117 2751 213 2790 Achillem
223 2751 247 2788 ad
257 2750 349 2788 auxilium
359 2749 438 2787 Achivis
450 2748 552 2787 ferendum
564 2750 660 2799 imploret,
670 2750 701 2788 vel
715 2750 756 2800 ipse
765 2751 832 2789 Achil.

115 2818 139 2858 lis
149 2828 202 2857 arma
212 2816 290 2854 indutus
301 2815 366 2852 hostes
376 2819 448 2852 terreat
460 2814 492 2859 [61
499 2812 598 2865 8-803).
625 2816 648 2853 In
659 2816 831 2869 reditu-Patroclus
