1936 3053
372 92 569 136 PRAEFATIO.
778 94 830 136 xxix

114 204 219 258 γείνεσθαι
229 200 346 246 commenti
356 206 414 252 sunt,
423 202 481 258 quod
491 201 573 244 nullum
583 214 678 257 unquam
685 200 733 244 fuit.
760 202 829 246 Recte

113 273 181 331 igitur
195 272 308 316 Behkerus
323 270 482 328 diphthongum
497 270 549 314 locis
564 270 605 313 illis
621 270 721 313 omuibus
736 271 830 315 eximen-

114 343 165 386 dam
180 357 227 386 esse
239 340 351 399 judicavit,
362 340 404 383 nisi
420 341 479 398 quod
494 341 588 395 γίνεσθαι
603 339 677 396 potius
693 339 831 385 scribendum

114 418 162 457 erat
173 428 238 470 quam
248 412 306 469 quod
315 412 428 454 Behkerus
440 410 514 468 posuit
524 411 638 465 γίγνεσθαι.
670 409 727 453 Nam
737 412 831 466 γίνεσθαι

114 487 137 526 et
151 484 261 537 γινώσκειν
275 486 322 524 tam
337 484 439 524 constans
454 484 488 523 est
498 483 634 522 vetustorum
647 479 751 522 librorum
764 479 831 537 scrip-

113 556 171 602 tura,
182 551 240 595 utin
250 551 359 608 plerisque
372 565 447 593 eorum
460 550 530 594 altera
545 549 653 606 scriptura
665 564 693 592 ne
708 550 775 592 semel
785 550 831 607 qui-

114 622 164 664 dem
181 624 294 678 appareat,
312 620 371 663 velut
390 619 531 677 palimpsesto
550 618 652 662 Curetcni
673 624 696 662 et
717 618 831 662 Marciano

114 692 143 735 A.
158 691 239 743 Iliadis,
262 691 362 734 Mediceo
382 690 491 748 Apollonii
511 690 598 742 Rhodii,
620 689 742 732 Mutinensi
764 694 831 746 [niinc

114 760 222 817 Parisino)
234 760 372 818 Theognidis.

451 876 493 918 Vl.

144 984 165 1027 3,
177 982 212 1015 ιι.
223 971 289 1024 μακρὰ
304 968 404 1025 βιβάντα]
424 968 459 1011 Sic
476 973 536 1011 recte
554 969 668 1012 Bekkerus
686 983 725 1025 pro
741 969 831 1027 vulgato

113 1042 180 1093 μακρὰ
194 1044 293 1094 βιβῶντα.
325 1038 475 1082 Nominativus
493 1039 551 1096 apud
569 1039 691 1081 Homerum
709 1045 742 1082 est
759 1039 830 1092 βιβάς,

115 1107 140 1150 Il.
150 1118 171 1164 7,
183 1122 231 1164 213.
245 1122 279 1164 15,
291 1119 341 1165 307.
360 1108 400 1151 Od.
412 1124 432 1164 9,
443 1120 493 1165 450.
524 1108 607 1166 Hymn.
620 1108 642 1150 in
653 1107 724 1165 Apoll.
738 1120 793 1158 ναι,
805 1112 831 1150 ut

114 1177 211 1234 ineptum
222 1177 302 1220 sithoc
317 1192 360 1220 unc
376 1177 398 1219 in
412 1178 460 1219 loco
476 1181 569 1230 βιβῶντα
579 1176 651 1227 scribi,
664 1191 729 1233 quum
739 1191 830 1233 praeser-

114 1247 154 1289 tim
171 1251 232 1290 recta
248 1247 317 1290 forma
332 1247 422 1300 βιβάντα
437 1250 524 1289 servata
537 1246 560 1288 in
575 1245 636 1288 libris
651 1245 680 1289 sit
695 1246 829 1304 ll.13,371,

114 1316 178 1370 Βιβάς
188 1319 262 1359 autem
272 1319 294 1358 et
304 1316 395 1369 βιβάντα
405 1316 423 1358 si
434 1315 542 1365 scribitur,
550 1330 594 1358 non
603 1315 675 1357 minus
684 1316 829 1358 necessarium

114 1390 147 1429 est
157 1390 183 1427 ιιι
193 1389 282 1439 βιβῶσα,
294 1385 351 1442 quod
367 1400 423 1427 nunc
439 1390 473 1428 est
482 1384 505 1426 in
518 1383 579 1427 libris
593 1383 694 1426 omnihus
706 1383 783 1440 Odyss.
794 1397 828 1434 11,

113 1457 163 1512 538,
174 1454 197 1497 in
212 1459 294 1508 βιβᾶσα
307 1459 412 1506 mutetur,
423 1458 449 1497 ut
458 1454 511 1497 fecit
522 1454 641 1504 Bekkerus,
653 1458 675 1495 ct
690 1453 749 1495 haud
764 1454 830 1496 dubie

112 1525 197 1583 legerat
207 1524 355 1575 Aristarchus,
364 1538 428 1581 quem
437 1530 497 1567 recte
508 1524 534 1566 dc
544 1524 585 1566 hac
594 1522 713 1580 quastione
721 1523 829 1580 judicasse

113 1600 159 1638 tres
170 1594 288 1637 ostendunt
298 1594 464 1637 scholiastarum
479 1595 637 1644 annotationes,
649 1594 690 1636 etsi
700 1594 781 1650 partim
792 1595 828 1637 de-

114 1664 176 1707 fectae
191 1664 273 1721 partim
288 1678 388 1721 perverse
403 1664 496 1721 scriptae.
528 1664 585 1707 Nam
600 1664 623 1706 in
636 1663 717 1706 scholio
732 1664 761 1707 ad
773 1664 819 1720 Il.7

114 1747 163 1790 213.
179 1734 207 1776 ad
223 1733 286 1786 βιβάς
301 1738 430 1776 annotatum
444 1737 505 1779 οὕτως
514 1734 655 1790 Ἀρίσταρχος,
669 1732 738 1787 βιβάς,
750 1735 829 1777 omisso

114 1804 166 1861 quid
175 1803 212 1846 alii
222 1803 319 1860 legerint,
329 1804 385 1860 quod
396 1819 440 1846 non
450 1803 540 1847 dubium
550 1809 584 1847 est
594 1808 662 1857 βιβῶν
672 1803 744 1856 fuisse,
754 1820 827 1862 quem-

113 1874 230 1917 admodum
240 1878 333 1927 βιβῶντα
343 1889 382 1931 pro
393 1873 483 1927 βιβάντα
492 1874 515 1916 ιιι
529 1873 688 1931 exemplaribus
700 1874 828 1931 quibusdam

112 1943 193 1987 lectum
212 1943 278 1986 fuisse
298 1959 326 1986 ex
346 1944 427 1987 scholio
447 1945 474 1987 ad
492 1944 518 1987 Il.
536 1958 569 2001 13,
588 1955 638 2001 371.
660 1943 730 2001 colligi
747 1949 827 2001 potest,

113 2012 247 2068 Ἀρίσταρχος
255 2013 352 2065 βιβάντα,
364 2015 390 2057 ὡς
401 2014 493 2067 δαμέντα,
505 2013 539 2056 ἀπ’
551 2014 628 2058 εὐθείας
638 2016 672 2065 τῆς
681 2016 747 2067 μακρὰ
756 2015 828 2066 βιβάς.

56 2079 58 2082 ’
114 2084 147 2127 καὶ
157 2081 219 2127 οὕτως
229 2083 294 2138 ἔχειὴ
304 2082 361 2138 ὑγιὴς
371 2083 490 2138 ἀνάγνωσις.
513 2083 620 2141 (lorrupte
628 2085 685 2141 apud
694 2084 828 2141 Hesychium

114 2157 220 2207 βιβοῦντα·
243 2152 417 2206 διαλαμβάνοντα,
433 2169 473 2210 pro
490 2158 589 2207 βιβῶντα·
613 2157 751 2207 διαβαίνοντα,
770 2157 827 2211 quod

114 2221 183 2265 critici
193 2222 343 2264 restituerunt.
373 2223 447 2266 Tertio
458 2224 480 2272 in
490 2223 544 2274 loco,
555 2223 582 2266 ll.
591 2233 624 2280 15,
633 2237 684 2281 307.
695 2224 723 2267 ad
732 2224 795 2278 βιβάς
806 2225 829 2267 ιιι

114 2292 201 2336 scholiis
219 2292 352 2349 adscriptum
370 2296 505 2350 Ἀρίσταρχος
525 2298 599 2347 βιβῶν,
621 2294 678 2352 quod
698 2294 828 2337 Aristarcho
875 2348 877 2350 Ι

112 2376 156 2405 ιιοιι
166 2361 239 2418 potuit
249 2362 272 2403 in
282 2367 376 2405 mentem
386 2363 465 2406 venire.
496 2363 574 2420 ltaque
586 2364 639 2406 hacc
652 2363 682 2407 sic
696 2369 747 2407 sunt
758 2364 828 2407 inver-

113 2431 180 2474 tenda
200 2436 225 2474 ut
244 2432 341 2475 lemmati
361 2437 428 2486 βιβῶν
448 2433 586 2476 adscribatur
605 2432 739 2490 Ἀρίσταρχος
758 2435 827 2487 βιβάς.

113 2500 171 2544 Nam
180 2505 248 2555 βιβῶν
258 2501 281 2543 in
290 2501 365 2545 multis
378 2502 535 2559 exemplaribus
549 2503 654 2560 scriptum
664 2503 729 2546 fuisse
739 2504 782 2547 alia
792 2520 828 2547 co·

112 2570 166 2614 dicis
182 2570 263 2615 Veneti
278 2572 420 2616 annotatione
436 2572 543 2626 docemur,
562 2577 630 2628 βιβῶν
645 2575 665 2617 αἱ
683 2577 747 2617 πᾶσαι
763 2574 826 2631 εἶχον.

113 2641 224 2695 Ζηνόδοτος
234 2646 296 2695 βοῶν.
328 2642 394 2697 Βιβάς
408 2643 475 2701 igitur
490 2647 513 2686 et
527 2643 618 2697 βιβάντα
633 2644 651 2686 si
665 2644 755 2700 antiqua
770 2645 828 2702 apud

42 2768 44 2770 ι
113 2709 234 2754 Homerum
259 2712 368 2770 scriptura
387 2712 436 2764 suit,
457 2728 500 2757 non
520 2717 554 2756 est
574 2713 688 2758 verisimile
708 2713 828 2757 Pindarum

113 2779 198 2837 Olymp.
209 2794 241 2835 14,
253 2795 287 2836 24.
301 2787 367 2837 κοῦφα
378 2787 472 2837 βιβῶντα
486 2783 603 2841 scripsisse,
615 2784 672 2841 quod
688 2784 759 2841 ipsum
774 2799 827 2843 quo-
