1936 3053
137 96 203 139 xxxiv
401 97 598 141 PRAEFATIO.

138 207 258 265 AEschylus
272 222 364 266 quoque,
380 224 447 266 quum
459 208 537 267 plurali
552 223 641 251 numero
657 222 711 266 opus
726 207 818 251 haberet
831 207 854 250 iu

138 278 211 322 Persis
224 295 242 322 v.
254 294 289 338 49.
304 282 385 322 στεῦται
396 278 412 321 δ’
429 282 482 335 ἱεροῦ
498 280 585 332 Τμθλοιι
598 278 685 322 πελάται
701 277 772 321 dicere
788 292 853 336 quam

137 350 231 393 formam
246 350 374 394 inusitatam
384 355 478 394 στεῦντοι
493 350 574 408 fingere
589 349 702 393 maluerit:
718 349 745 392 de
756 363 798 405 quo
809 348 854 391 dixi

137 421 160 463 in
171 421 303 465 Praefatione
318 422 348 464 ad
361 421 492 479 AEschylum
507 436 527 478 p.
539 421 636 464 xv11.ed.
648 420 718 463 Oxou.
734 420 852 463 secundae.

138 491 195 533 Aliis
206 491 335 548 quibusdam
345 491 415 534 verbis
430 491 452 533 in
467 491 526 534 nulla
536 506 632 548 unquam
643 491 735 534 dialeoto
749 506 852 549 augmen-

137 567 185 605 tum
195 562 318 606 adhibitum
328 577 374 605 esse
384 561 475 605 videtur.
506 561 620 620 Ejusmodi
631 566 664 605 est
674 561 734 605 verbi
750 561 799 616 ἔρδω
813 561 853 604 im-

137 634 257 690 perfectum
277 634 341 688 ἔρδον,
359 633 420 689 cujus
440 633 509 676 forma
528 638 645 691 augmento
665 634 773 676 instructa
792 634 853 688 ἧρδον

138 703 220 747 Graecis
230 704 320 747 auribus
332 719 375 746 non
389 702 459 745 minus
475 703 561 746 insolita
576 704 691 747 accidisset
702 703 793 761 quamsi
805 703 853 761 quis

137 773 256 826 contrario,
275 774 301 815 de
318 789 360 831 quo
377 789 442 830 supra
460 773 564 824 dicebam,
582 775 635 817 vitio
653 774 714 816 ἔλθον
732 789 771 830 pro
789 774 853 827 ἦλθον

136 842 280 898 pronunciare
291 843 401 886 voluisset.
432 843 491 886 Hine
506 843 609 901 explicari
624 848 698 901 potest
709 842 767 900 quod
781 843 852 885 Hero-

137 912 208 965 dotus,
220 913 256 970 qui
267 919 408 971 augmentum
419 918 442 956 et
452 913 576 970 syliabioum
587 918 609 957 et
620 913 739 971 temporale
754 927 797 956 non
807 928 852 956 ma-

135 980 169 1038 gis
181 996 245 1039 quam
257 983 370 1040 quisquam
384 982 439 1026 alius
454 998 524 1040 prosae
540 983 644 1026 orationis
659 982 752 1040 scriptor
762 982 852 1034 omittit,

136 1054 210 1094 tamen
226 1058 248 1095 et
266 1053 418 1111 imperfectum
433 1053 486 1096 illud
503 1053 563 1096 verbi
579 1054 644 1108 ἕρδειν
660 1059 683 1097 et
695 1053 738 1096 alia
754 1053 853 1110 quaedam

135 1122 202 1165 verba
211 1124 352 1166 verborumve
363 1124 443 1167 formas
454 1124 481 1167 ab
492 1124 599 1167 communi
614 1124 689 1182 regula
699 1127 796 1167 exemtas
807 1137 852 1166 esse

135 1192 210 1243 voluit,
221 1193 248 1236 de
259 1209 301 1250 quo
313 1193 357 1235 dixi
372 1193 394 1235 in
407 1194 589 1246 commentatione
603 1195 629 1237 de
640 1195 732 1237 dialecto
744 1192 852 1236 Herodoti

135 1279 156 1319 p.
167 1278 213 1305 xxi.
225 1280 291 1307 xxm:
308 1280 433 1322 quanquam
442 1265 465 1306 in
475 1265 508 1306 his
519 1249 621 1307 nonnulla
632 1265 715 1307 suntin
726 1263 805 1321 quibus
815 1279 851 1307 ve-

135 1349 184 1377 reor
194 1350 222 1377 ne
236 1335 373 1379 librariorum
388 1350 429 1378 nos
443 1335 566 1378 ludificetur
581 1335 735 1393 imprudentia,
745 1335 805 1377 velut
814 1335 853 1377 im-

134 1405 253 1462 perfectum
270 1406 359 1460 θγίνεον,
375 1406 466 1462 quodsi
481 1421 530 1448 eum
543 1411 659 1464 augmento
678 1406 719 1449 dici
735 1406 808 1463 pot-uit
824 1406 851 1449 ab

135 1475 232 1517 Homero
243 1476 269 1517 ss.
280 1477 313 1526 18,
324 1489 375 1531 493.

195 1546 277 1600 ἠγίνεον
288 1547 327 1589 ἀνὰ
338 1547 395 1595 ἄστυ,
407 1547 469 1591 πολὺς
480 1545 496 1588 δ’
507 1545 599 1598 ὑμέναιος
610 1548 687 1601 ὀρώρει,

136 1614 202 1658 etiam
213 1615 240 1658 ab
252 1615 366 1658 Herodoto
377 1615 418 1657 dici
429 1615 508 1673 pot-uit,
520 1616 580 1672 cujus
592 1614 615 1658 in
627 1616 688 1659 libris
703 1632 760 1659 nunc
770 1619 853 1674 ἀγίνεον

136 1685 241 1743 scriptum
251 1686 354 1728 videmus.

166 1755 215 1798 Has
225 1755 292 1814 igitur
302 1770 356 1813 quas
367 1770 433 1812 supra
443 1755 533 1813 exposui
548 1770 635 1800 normas
649 1756 699 1798 siin
713 1756 803 1799 Homeri
819 1772 852 1799 ce-

136 1831 275 1884 terorumque
286 1826 395 1884 epicorum
409 1826 540 1870 carminibus
555 1826 671 1882 sequimur,
685 1826 765 1884 passim
781 1827 852 1869 detra-

135 1897 187 1939 here
200 1902 340 1953 augmentum
355 1896 393 1939 ubi
406 1897 506 1939 additum
518 1901 558 1947 est,
574 1898 643 1940 multo
659 1897 737 1954 saepius
750 1898 852 1939 omissum

135 1968 163 2010 ab
174 1968 267 2010 librariis
283 1968 382 2025 supplere
399 1968 530 2011 debebimus.
562 1967 665 2010 Oodieum
680 1968 728 2019 etsi,
746 1971 853 2025 utsupra

136 2037 240 2089 dicebam,
252 2039 331 2096 exigua
346 2037 369 2080 in
384 2038 424 2081 hac
439 2053 463 2081 re
478 2038 532 2080 fides
542 2042 583 2089 est,
593 2042 665 2081 tamen
676 2037 694 2080 si
705 2039 752 2095 quis
768 2039 853 2082 univer-

135 2124 181 2152 sam
197 2108 311 2167 scripturae
327 2108 476 2152 diversitatem
493 2109 598 2151 librorum
613 2117 636 2152 et
654 2109 852 2166 antiquissimorum

134 2186 158 2224 et
178 2181 316 2238 optimorum,
338 2180 470 2237 perlustrare
490 2180 555 2230 volet,
575 2179 668 2235 plurima
685 2195 741 2223 verae
762 2181 852 2224 rationis

135 2250 226 2308 vestigia
237 2250 390 2307 deprehendet.

160 2396 169 2414 ⁰
184 2389 207 2425 Iu
223 2389 325 2436 fragmento
342 2387 416 2423 Pindari
429 2388 451 2423 de
466 2400 502 2435 quo
516 2388 541 2424 ibi
555 2387 598 2431 diui,
616 2388 665 2424 κλῦθ’
679 2388 754 2430 'Ababa
768 2388 852 2434 Πολέμου

135 2438 217 2484 θύγατερ,
229 2436 232 2484 Ι
242 2435 254 2484 qi
262 2437 320 2473 θύεται
329 2436 390 2483 ἄνδρες
402 2435 445 2481 ὑπὲρ
458 2437 520 2473 cotzos
529 2436 581 2481 (nam
588 2436 644 2472 verba
651 2436 695 2483 ὑπὲρ
703 2438 765 2473 πόλιος
779 2449 801 2472 ex
812 2437 850 2473 He·

134 2485 210 2522 rodiano
220 2486 261 2533 περὶ
274 2485 369 2532 σχημάτων
381 2495 399 2529 p.
405 2483 434 2526 60,
443 2495 471 2531 13,
480 2489 528 2519 recte
538 2483 614 2520 inseruit
622 2484 723 2531 Hauptius)
732 2484 762 2520 τὸν
771 2485 851 2532 ἱρόθυτον

136 2534 215 2576 θάνατον,
228 2540 246 2569 et
258 2545 288 2569 me
301 2538 319 2568 et
330 2532 374 2568 alios
385 2532 432 2578 fugit
444 2537 485 2578 pest
496 2531 569 2567 θάνατον
580 2532 667 2568 excidisse
678 2533 755 2574 τλάντες,
770 2533 819 2580 quod
831 2533 851 2568 in

135 2582 186 2617 initio
195 2580 242 2617 tertii
250 2593 314 2617 versus
322 2580 401 2627 positum
410 2579 450 2615 fuit.
