1936 3053
147 113 206 151 xxxvi
412 113 434 151 F,
443 113 467 150 A.
480 113 507 151 W
514 111 532 150 O
541 112 580 166 LE
588 112 597 150 I

146 230 213 274 petum
227 236 284 261 suum
298 223 360 274 aperit
374 222 491 274 primoribus
501 222 632 266 Achivorum
647 234 693 259 mox
702 219 814 258 concionem
827 219 862 257 ha.

146 291 180 329 bet
193 290 326 329 universorum
339 293 460 340 (41-100).
490 291 590 328 Placuerat
600 289 624 334 ei,
632 289 657 327 ad
669 288 782 327 tentandam
797 287 863 337 populi

146 357 212 401 fidem,
228 358 259 395 cui
276 357 380 400 diffidebat,
398 357 499 395 consilium
514 357 623 407 repetendae
639 356 706 407 patriae
721 354 823 392 simulare:
839 366 862 391 eo

147 424 220 470 audito,
235 424 301 462 statim
315 424 419 461 multitudo
431 424 482 462 bello
496 424 548 462 fessa
560 423 672 461 tumultuari
687 427 706 460 et
718 421 862 472 navigationem

147 504 216 542 parare
226 492 284 541 coepit
295 494 385 541 (101-1
389 492 431 541 54).
461 490 581 529 Seditionem
592 490 615 528 de
627 494 727 539 compacto
738 494 758 526 et
767 488 862 526 Minervae

147 558 223 595 monitu
233 558 342 608 comprimit
353 558 438 608 Ulysses,
447 558 472 595 ad
481 558 567 609 singulos
577 557 671 608 precibus,
683 556 746 600 minis,
754 555 863 605 opprobriis

147 637 193 662 usus
206 625 233 662 ita
244 630 266 662 ut
276 625 389 662 ‘concionem
404 624 493 662 restituat
504 625 638 675 (155'·210)·
667 623 775 666 Thersiten,
786 629 862 673 turpem

147 697 167 729 et
176 692 292 730 maledicum
306 692 411 735 hominem,
423 692 454 741 qni
468 691 573 729 discessum
589 704 658 741 urgere
673 703 713 728 non
726 690 802 734 desinit,
816 704 861 740 gra-

146 758 189 796 vius
199 758 282 809 castigat
292 759 317 796 ad
326 764 421 797 terrorem
432 764 540 796 ceterorum
553 759 689 808 (arr-277).
714 756 747 796 Sic
756 758 862 796 cohibitum

146 824 218 873 vulgus
227 823 311 861 flectitur
323 823 401 861 tandem
415 823 527 873 compositis
542 823 566 860 ad
580 822 734 872 persuadendum
744 821 863 859 orationibus

148 890 224 941 Ulyssis
239 904 261 928 ac
275 890 372 932 Nestoris,
384 890 416 940 qui
429 896 449 928 et
462 896 527 928 vetera
539 891 634 940 promissa
643 894 742 939 expetunt,
754 895 773 926 et
781 889 862 926 ostentis

147 963 228 995 utuntur
238 958 262 994 ad
278 970 331 1007 spem
342 957 372 994 Ilii
382 957 420 994 cito
431 957 566 1007 expugnandi:
582 955 707 1007 Agamemno
717 961 780 993 autem
795 955 863 993 indicit

146 1024 242 1074 proelium,
253 1030 273 1061 et
283 1024 351 1061 ardore
361 1024 460 1074 pugnandi
470 1024 556 1061 omnium
566 1024 641 1061 animos
650 1023 717 1072 implet
726 1020 862 1072 (278-393).

146 1093 191 1128 Jam
204 1096 289 1128 armatur
301 1091 407 1134 exercitus3
423 1091 517 1140 primores
531 1091 582 1140 apud
592 1090 768 1141 Agamemnonem,
779 1095 863 1127 mactata

145 1159 219 1208 majore
233 1158 303 1200 hostia,
319 1157 432 1207 epulantur3
449 1158 508 1195 ceteri
522 1158 593 1207 passim
607 1170 641 1207 per
655 1157 739 1195 tentoria
752 1157 816 1194 cibum
830 1170 861 1194 su-

145 1230 202 1262 munt
216 1237 309 1273 sacraque
323 1223 403 1269 faciunt,
415 1230 435 1262 et
446 1237 457 1261 a
467 1224 506 1261 suis
516 1237 596 1273 quaeque
611 1224 663 1260 natio
674 1223 754 1261 ducibus
768 1223 863 1261 instructa

145 1292 165 1328 in
176 1291 236 1328 aciem
247 1290 344 1340 prodeunt
353 1288 489 1341 (394—484).
512 1290 607 1328 Inseritur
617 1290 706 1327 hocloco
716 1296 805 1327 accurata
815 1303 862 1327 enu-

146 1357 227 1395 meratio
237 1357 321 1400 navium,
336 1357 457 1407 populorum,
469 1357 545 1402 ducum,
557 1356 589 1406 qui
599 1356 770 1407 Agamemnonem
782 1356 807 1393 ad
821 1357 861 1394 bel-

146 1424 187 1461 lum
201 1424 307 1473 Trojanum
323 1424 397 1473 sequuti
413 1430 468 1461 erant
483 1423 617 1473 (485—785).
647 1423 697 1461 Item
712 1423 798 1473 Trojani,
810 1436 862 1460 corn-

146 1494 201 1538 perto
212 1489 258 1538 quid
271 1489 369 1526 minentur
379 1488 457 1534 Achivi,
468 1489 516 1527 duce
529 1489 617 1527 Hectore
626 1490 646 1527 in
656 1503 745 1540 campum
758 1489 861 1541 egrediun-

147 1562 178 1593 tur
188 1562 208 1593 et
217 1555 253 1605 ipsi
262 1561 281 1592 et
289 1555 342 1599 socii,
351 1568 432 1604 quorum
441 1555 517 1593 brevior
524 1569 614 1594 recensus
620 1557 709 1606 adjicitur
718 1557 854 1606 (786—877).

486 1675 524 1713 ΠΙ,

175 1754 242 1792 Primo
252 1768 347 1793 concursu
357 1754 418 1804 proelii
428 1754 481 1791 Paris
491 1768 525 1792 seu
535 1753 647 1793 Alexander
658 1755 783 1793 fortissimum
795 1768 861 1806 querna

147 1834 184 1870 que
199 1821 320 1859 Achiuorum
335 1821 359 1858 ad
375 1834 461 1872 pugnam
478 1826 570 1871 provocat
578 1836 583 1865 ;
599 1821 633 1858 sed
648 1826 669 1859 ut
684 1821 796 1859 Menelaum
815 1835 861 1859 oon-

147 1888 210 1937 spexit
225 1888 249 1925 de
262 1901 319 1925 curru
334 1900 369 1925 sno
379 1887 506 1933 desilientem,
517 1887 593 1938 abjecto
607 1888 670 1925 animo
681 1887 753 1938 refugit
765 1888 860 1938 (1—37).

146 1954 213 1991 Paullo
228 1961 272 2004 post
286 1954 344 1997 idem,
361 1953 452 1991 Hectoris
469 1967 516 1992 voce
531 1959 637 2004 coneptus,
653 1954 710 1992 offert
727 1967 747 1992 se
761 1953 862 1992 certamini

146 2022 239 2073 singulari
249 2035 293 2059 cum
303 2022 395 2059 Menelao
405 2022 429 2059 de
444 2036 519 2060 summa
533 2022 578 2059 belli
592 2023 688 2066 ineundo;
705 2036 742 2073 qua
751 2025 861 2063 conditione

145 2094 224 2138 accepta
234 2089 297 2139 poscit
305 2089 408 2126 Menelaus
417 2095 438 2126 nt
448 2088 525 2138 sponsio
534 2089 673 2138 interponatur,
681 2095 776 2139 praesente
784 2091 861 2129 Priamo

145 2155 248 2193 sancienda
257 2155 379 2204 (38-110).
399 2156 463 2206 igitur
473 2169 526 2193 arma
536 2156 635 2205 deponunt
645 2155 752 2200 exercitus3
768 2157 861 2195 sacrificia

145 2221 169 2259 ab
182 2227 263 2271 utraque
277 2227 332 2271 parte
347 2228 449 2271 parantur:
465 2222 542 2259 interim
558 2221 635 2259 Helena
649 2235 674 2259 ex
688 2223 737 2259 turri
751 2223 827 2261 Priamo
842 2230 862 2261 et

146 2288 253 2326 senioribus
262 2288 351 2337 Trojanis
361 2288 481 2325 demonstrat
492 2287 550 2324 duces
560 2286 680 2324 Achiuorum
695 2288 715 2324 in
730 2302 798 2338 campo
814 2289 859 2327 snb-

143 2354 221 2404 jacente
233 2355 265 2401 (rr
275 2354 369 2401 1—244).
399 2353 483 2390 Vocatus
493 2353 603 2402 supervenit
613 2353 707 2398 Priamus,
718 2355 788 2392 comite
798 2354 861 2393 Ante·
913 2383 915 2385 »

145 2433 199 2465 nore,
210 2419 311 2469 foedusque
320 2420 380 2457 ictum
390 2420 469 2468 antiquo
479 2419 517 2457 ritu
531 2420 585 2457 hisce
595 2420 677 2470 legibus,
687 2427 715 2463 nt,
726 2427 769 2458 uter
779 2421 860 2459 alterum

145 2485 230 2530 vicisset,
242 2484 340 2522 Helenam
350 2485 430 2535 ejusque
440 2498 486 2535 opes
495 2485 581 2529 haberet,
591 2486 670 2536 Trojani
683 2493 747 2523 autem
761 2487 860 2525 inferiores

146 2550 228 2589 Achivis
245 2565 325 2601 gravem
342 2553 422 2590 multam
439 2553 546 2602 penderent
563 2554 698 2604 (245-301.)
727 2554 774 2591 Post
791 2555 861 2593 Priami

146 2619 252 2656 discessum
262 2631 315 2655 arma
325 2618 403 2668 capiunt
413 2618 515 2656 Menelaus
529 2624 548 2655 et
562 2618 622 2661 Paris,
633 2625 653 2655 et
667 2618 686 2655 in
702 2620 785 2668 spatium
798 2626 860 2658 certa-

146 2683 194 2720 mini
204 2683 312 2721 dimensum
327 2685 446 2734 procedunt:
462 2690 482 2722 at
492 2690 603 2734 superatum
618 2684 705 2722 Paridem
719 2685 768 2722 clam
783 2687 861 2738 surripit

147 2750 214 2788 Venus
229 2757 248 2788 et
262 2751 378 2788 incolumem
393 2752 412 2788 in
427 2750 487 2800 ipsius
502 2751 609 2789 cubiculum
623 2757 709 2800 asportat
725 2753 861 2801 (goz-382).

147 2817 170 2855 ln
185 2817 267 2855 cundem
282 2817 344 2855 locum
358 2817 436 2855 adducit
449 2818 481 2855 illa
495 2818 597 2861 Helenam,
612 2831 653 2867 quae
669 2818 751 2867 primurn
765 2819 861 2858 reluctans
