1936 3053
143 132 188 175 xxii
404 132 600 178 PRAEFATIO.

145 240 257 297 scriptoris
272 256 293 298 p.
304 255 340 284 xx.
371 241 456 284 Formis
470 242 561 285 AEolicis
576 243 638 295 ὔμμες
651 241 714 295 ὔμμες
731 254 775 282 non
792 239 862 282 utitur

145 309 256 353 Homerus
270 310 312 354 nisi
326 310 363 354 ubi
373 311 462 355 trochaei
472 327 574 355 mensura
584 326 638 369 opus
649 315 690 363 est,
700 314 725 353 ut
736 310 761 353 Il.
770 323 804 362 ιι,
811 323 862 366 431.

146 393 165 428 1,
175 394 225 435 274.

205 460 232 517 τῷ
244 478 278 503 κεν
289 461 312 514 δὴ
322 461 384 505 πάλαι
394 463 457 515 άμμες
468 463 599 516 ἐπαυσάμεθα
609 461 724 517 πτολέμοιο.

205 531 261 572 ἀλλὰ
271 531 356 573 πίθεσθε
367 533 399 574 καὶ
409 532 478 585 ὔμμες,
490 533 534 575 ἐπεὶ
544 534 651 575 πείθεσθαι
661 533 751 586 ἄμεινον.

148 610 211 664 Quod
227 625 293 668 quum
310 626 354 653 non
371 611 533 669 perspexissent
550 612 640 664 librarii,
656 612 765 655 interdum
782 611 863 654 formas

145 680 193 723 illas
203 680 323 723 intulerunt
333 680 369 723 ubi
383 680 468 724 ratione
479 686 560 734 carent,
572 682 631 725 velut
640 682 664 724 in
673 683 716 724 fine
726 696 826 725 versuum
837 680 862 723 Il.

149 750 240 804 14‚481.
253 763 286 802 24,
295 763 344 802 242.

177 833 197 863 2.
214 818 327 862 Genitivus
345 823 378 862 est
393 820 461 873 ἡμέων
476 820 550 874 ὑμέων,
562 821 646 864 duabus
664 820 752 877 syllabis
769 834 864 877 pronun·

146 889 240 932 tiandns.
272 889 318 932 Ubi
328 894 421 932 metrum
431 896 476 933 tres
487 891 579 948 syllabas
589 891 665 948 longas
675 891 778 949 postulat,
789 891 864 944 ἡμείων

148 962 170 1000 et
180 960 254 1013 ὑμείων
264 958 349 1001 dicitur.

176 1041 197 1083 3.
214 1026 306 1069 Dativns
323 1033 357 1070 est
372 1030 420 1082 ἡμῖν
435 1031 487 1082 ὑμῖν,
503 1030 589 1086 syllabae
605 1029 700 1081 alterius,
716 1029 754 1071 ubi
770 1032 864 1071 metrum

148 1097 234 1139 brevem
251 1097 354 1153 postulat,
370 1103 461 1140 accentu
477 1103 563 1141 mutato
581 1102 632 1141 ante
647 1098 731 1141 vocales
748 1098 796 1151 ἡμίν
810 1098 863 1151 ὑμίν,

146 1170 198 1209 ante
216 1171 359 1209 consonantes
375 1182 426 1209 vero
444 1167 529 1210 adscita
546 1167 632 1210 AEolica
650 1167 720 1209 forma
737 1168 787 1220 ὔμμι
803 1167 863 1220 ὔμμι;

147 1236 205 1292 quod
216 1235 303 1278 induxit
312 1235 412 1278 librarios
423 1241 449 1279 ut
459 1251 517 1293 saepe
532 1236 599 1280 etiam
610 1238 671 1290 ὔμμιν
681 1238 741 1290 ὔμμιν
752 1236 863 1285 inferrent,

147 1305 224 1361 quibus
234 1305 309 1347 formis
319 1319 357 1347 cur
368 1304 422 1362 epici
433 1309 548 1348 uterentur
564 1305 618 1348 nihil
633 1305 696 1363 plane
713 1320 793 1348 caussae
809 1310 863 1354 erat,

147 1389 213 1430 quum
229 1375 304 1417 formae
320 1375 367 1427 ἡμῖν
383 1377 436 1427 ὑμῖν,
454 1376 501 1427 ἡμίν
516 1376 570 1428 ὑμίν,
587 1376 636 1428 ὔμμι
652 1376 700 1429 ὔμμι
716 1374 783 1418 cuivis
800 1373 865 1417 metri

147 1443 273 1486 necessitati
283 1443 412 1486 sufficerent.

176 1528 198 1567 4.
214 1512 358 1556 Accusativus
376 1518 409 1556 est
425 1513 487 1567 ἡμέας
506 1513 573 1566 ὑμέας,
592 1513 628 1570 qui
648 1513 825 1570 pronuntiatione
842 1512 865 1555 in

148 1583 202 1625 duas
217 1583 310 1639 syllabas
324 1584 401 1639 longas
415 1582 515 1625 contrahi
526 1583 587 1625 solet.
618 1582 709 1624 AEolicis
719 1583 793 1624 formis
802 1585 865 1636 (ὔμμε

148 1656 171 1694 et
185 1653 247 1707 ὔμμε)
259 1652 300 1694 hcc
316 1667 402 1709 quoqne
417 1651 440 1693 in
456 1667 507 1694 casu
520 1667 564 1694 non
579 1651 649 1694 utitur
659 1652 767 1694 Homerus
777 1651 818 1693 nisi
828 1651 865 1693 ubi

148 1722 352 1778 metrumpostulat.
369 1721 470 1763 Enclitici
476 1722 534 1778 quod
540 1721 676 1778 grammatici
683 1722 793 1763 finxerunt
799 1736 866 1763 unum

147 1792 170 1834 in
178 1796 226 1835 tota
235 1792 361 1835 Graecorum
371 1791 431 1849 poesi
440 1791 560 1848 exemplum
570 1790 634 1834 hodie
645 1791 759 1849 reperitur,
767 1790 866 1848 agnitum

148 1862 176 1903 ab
187 1861 305 1917 Apollonio
315 1861 337 1902 in
347 1861 403 1902 libro
414 1861 441 1903 de
451 1861 578 1916 pronomine
587 1876 609 1916 p.
616 1862 667 1916 387,
681 1860 758 1916 Odyss.
775 1862 807 1912 16,
815 1870 865 1916 372.

207 1931 329 1986 Τηλεμάχῳ,
339 1929 383 1983 μηδ’
394 1930 446 1983 ἡμας
455 1930 573 1984 ὑπεκφύγοι·
590 1929 662 1984 οὐγὰρ
673 1928 744 1971 dira—-¹

149 2027 198 2068 qnae
213 2026 288 2054 vereor
304 2026 331 2053 ne
347 2012 426 2054 veteris
442 2011 471 2053 sit
487 2011 614 2053 correctoris
629 2010 767 2067 interpolatio
782 2010 867 2053 hiatum

148 2095 258 2124 removere
268 2079 376 2124 studentis
387 2095 450 2136 quem
460 2079 578 2122 admiserat
588 2085 660 2136 pocta,

208 2151 330 2208 Τηλεμάχῳ,
340 2151 386 2204 μηδ’
396 2151 449 2204 ὔμμε
458 2151 606 2205 ὑπεκφύγοι-.

150 2230 241 2273 similem
252 2230 278 2272 ll.
288 2245 323 2286 24,
330 2232 380 2287 637.
397 2231 420 2272 οὔ
435 2229 474 2285 γάρ
489 2247 520 2272 πω
535 2231 602 2283 μῦσσν
613 2231 665 2272 ὄσσε
678 2228 717 2272 ὑπὸ
730 2228 867 2284 βλεφάροισιν

152 2302 239 2354 ἐμοῖσιν.
496 2357 520 2399 Π

183 2454 202 2492 1,
214 2453 222 2480 ι
225 2441 261 2497 56.
273 2439 329 2491 ἐπειὴ
346 2438 403 2492 μάλα
420 2440 490 2482 πολλὰ
505 2439 589 2494 μεταξύ]
611 2437 673 2492 Quod
689 2437 724 2479 hic
741 2442 764 2479 et
779 2437 830 2480 alibi
846 2438 868 2480 in

152 2509 224 2551 codice
235 2509 322 2551 Veneto
332 2507 438 2565 scriptum
449 2513 482 2550 est
496 2509 552 2560 ἐπειὴ
562 2508 595 2549 vel
609 2506 688 2563 duplici
701 2512 791 2549 accentu
806 2507 867 2559 ἐπεὶὴ,

152 2577 231 2619 iterum
246 2593 274 2620 ex
284 2582 381 2620 veterum
397 2576 588 2634 grammaticorum
605 2576 714 2619 sententia
730 2576 811 2619 factum
828 2581 867 2626 ost,

154 2647 191 2702 qni
204 2648 247 2689 ἐπεὶ
257 2647 269 2699 ἡ
281 2646 365 2689 divisim
379 2646 444 2689 scribi
454 2647 575 2695 voluerunt,
586 2647 634 2698 ιιῦἡ
645 2645 768 2702 conjunctio
784 2645 813 2688 sit
828 2649 869 2687 bm-

153 2715 284 2768 βεβαιωτική.
323 2716 386 2769 Quod
403 2716 439 2772 qui
457 2715 539 2772 primus
554 2714 686 2771 excogitavit
701 2715 784 2758 duobus
799 2714 869 2758 modis

154 2783 241 2827 erravit.
272 2783 329 2827 Nam
344 2800 413 2842 neque
428 2786 447 2839 ἡ,
459 2785 517 2841 quod
532 2785 554 2827 in
570 2784 676 2842 principio
692 2784 804 2828 sententiae
820 2799 868 2842 gra-
