1936 3053
380 160 533 222 htlbb-

312 435 589 501 Pasieria

92 693 185 736 Hostum
196 693 247 735 Ilias
257 698 280 735 et
292 693 389 750 Odyssea
402 697 518 749 postquam
532 692 554 733 in
567 705 644 734 manus
657 689 809 747 grammatico-

90 779 140 806 rum
150 762 349 806 Alexandrinorum
362 762 518 820 pervenissent,
528 761 610 818 primus
621 761 657 817 qui
670 765 721 818 post
736 759 809 801 imme

90 833 205 876 morabiles
218 833 309 875 aliorum
325 837 417 875 conatus
431 838 502 875 artem
518 832 614 875 criticam
631 831 665 873 his
678 829 809 874 carminibus

91 902 205 946 adhiberet
216 903 343 946 Zenodotus
353 902 461 959 Ephesius
471 902 519 952 fuir,
531 916 595 959 quem
605 902 671 944 tertio
682 908 733 943 ante
744 914 809 943 aeranr

90 977 188 1015 nostram
203 972 275 1014 seculo
286 971 363 1014 vixisse
379 976 473 1014 constat.
505 972 526 1013 ls
538 987 604 1028 quum
618 987 631 1014 a
643 971 761 1014 Ptolemaeo
777 984 809 1011 se

90 1042 161 1084 cundo
168 1042 305 1084 bibliothecae
313 1040 469 1084 Alexandrinae
480 1041 595 1097 praefectus
604 1046 661 1083 esset
670 1040 809 1096 ejusdemque

89 1113 147 1170 regis
160 1114 221 1170 jussu
232 1117 330 1155 veterum
346 1111 454 1168 epicorum
469 1111 627 1168 lyricorumque
641 1109 737 1153 carmina
751 1108 808 1152 colli-

88 1198 140 1241 gere
154 1188 177 1225 et
191 1182 327 1224 commodum
341 1181 363 1223 in
378 1181 475 1223 ordinem
489 1180 587 1238 redigere
602 1180 737 1238 suscepisset,
752 1195 807 1236 prae-

89 1254 174 1311 cipuam
188 1253 210 1295 in
224 1253 321 1295 Homero
336 1267 424 1309 operam
439 1251 518 1308 posuit,
530 1251 591 1307 cujus
603 1250 692 1294 lliadem
705 1256 727 1294 et
739 1250 806 1306 Odys-

89 1339 148 1368 seam
160 1325 183 1367 in
194 1323 424 1381 duodequinquaginta
439 1322 566 1378 rhapsodias
577 1321 650 1363 divisit
666 1320 806 1378 codicumque

88 1394 182 1450 undique
201 1394 340 1436 collectorum
357 1400 379 1435 et
395 1393 464 1442 valde,
481 1398 506 1435 ut
522 1392 613 1437 uidetur.
631 1392 689 1434 inter
704 1407 728 1433 se
746 1390 807 1433 <lissi-

87 1462 169 1505 milium
188 1461 272 1519 oopiam
290 1462 373 1505 habuit.
406 1462 447 1504 His
466 1462 524 1505 inter
537 1477 559 1504 se
575 1461 666 1514 collatis,
683 1475 807 1517 quanquam

87 1547 131 1575 ncn
152 1536 238 1575 constat
254 1547 297 1588 quo
313 1531 394 1588 judicio
413 1533 503 1575 delectis
521 1537 543 1575 et
561 1531 672 1581 adhibitis,
691 1531 765 1573 iliadis
783 1539 806 1574 et

88 1601 191 1658 Odysseae
201 1600 294 1657 primam
305 1616 353 1658 quae
364 1601 404 1644 hoc
415 1601 501 1644 nomine
512 1602 577 1659 digna
587 1607 646 1644 esset
659 1601 806 1645 recensionem

86 1672 158 1715 faeere
169 1670 271 1721 instituit,
283 1686 326 1728 qua
336 1675 441 1729 tanquam
451 1672 593 1715 fundamento
604 1672 637 1714 usi
648 1677 698 1714 sunt
709 1672 745 1729 qui
756 1678 806 1729 post

87 1741 224 1785 Zenodotum
238 1742 313 1784 eodem
324 1741 345 1783 in
357 1742 430 1785 studio
440 1742 519 1786 versati
534 1748 586 1785 sunt
600 1742 744 1800 grammatici,
755 1742 805 1786 licet

86 1828 153 1869 opera
168 1813 214 1870 ejus
229 1812 284 1855 adeo
299 1813 357 1856 nulla
372 1828 399 1856 ex
414 1818 478 1870 parte
493 1813 629 1857 satisfaceret
641 1817 666 1855 ut
677 1812 805 1857 Aristarcho

86 1881 176 1940 aliisque
194 1883 343 1940 grammaticis
361 1882 409 1940 plus
425 1883 506 1925 laboris
521 1884 544 1925 in
560 1883 681 1926 refutandis
696 1884 804 1927 Zenodoti

86 1952 223 2010 opinionibus
239 1954 409 1995 consumendum
418 1952 485 1996 fuerit
496 1969 560 2010 quam
574 1953 619 2010 ipse
633 1953 763 2011 impendisse
774 1953 804 1997 vi-

86 2023 150 2066 detur
160 2023 322 2081 excogitandis:
340 2024 366 2066 de
377 2038 419 2081 quo
430 2039 457 2067 ne
468 2023 532 2067 hodie
543 2023 629 2082 quidem
641 2024 739 2081 judicare
750 2025 803 2068 diffi-

85 2093 125 2136 cile
140 2099 180 2137 est.
223 2093 280 2137 Nam
295 2094 336 2137 etsi
348 2094 456 2137 Zenodoti
472 2095 602 2138 recensionis
613 2110 677 2152 quum
692 2111 749 2137 nuno
764 2096 802 2140 ha-

85 2163 160 2206 bemus
175 2164 261 2215 notitia,
272 2179 311 2220 per
321 2163 474 2207 Aristarchum
489 2164 624 2221 potissimum
635 2165 723 2222 ejusque
734 2171 802 2210 secta-

85 2237 144 2276 tores
154 2233 182 2277 ad
193 2249 232 2276 nos
242 2241 371 2292 propagata,
382 2249 440 2292 saepe
453 2249 531 2292 parum
543 2239 646 2278 accurata
656 2239 689 2277 est
700 2235 802 2293 plurimo-

84 2318 175 2361 rumque
190 2303 286 2346 locorum
301 2304 366 2347 lectio
377 2304 503 2347 Zenodotea
516 2319 556 2347 nos
566 2304 627 2355 latet,
639 2305 719 2361 partim
731 2321 802 2363 gram-

84 2373 212 2416 maticorum
232 2374 317 2417 illorum
334 2373 415 2431 partim
432 2374 577 2431 posteriorum
594 2375 759 2418 scholiastarum
777 2377 802 2419 li-

84 2443 247 2501 brariorumque
255 2444 325 2501 culpa,
333 2449 368 2487 tot
376 2450 450 2488 tamen
460 2445 529 2487 omnis
537 2444 621 2502 generis
629 2461 726 2489 errorum
737 2448 801 2490 docu-

84 2518 158 2556 menta
172 2514 287 2557 manifesta
302 2530 329 2557 ex
345 2514 452 2557 Zenodoti
467 2515 591 2558 recensione
606 2515 691 2572 prolata
705 2516 801 2560 videmus

83 2583 152 2626 utrix
161 2583 255 2627 dubitari
265 2584 335 2642 possit
343 2584 393 2642 quin
405 2599 471 2641 opera
480 2585 526 2641 ejus
536 2584 570 2627 his
581 2585 711 2628 carminibus
721 2602 801 2645 magna

83 2657 183 2710 exparte
193 2653 241 2710 plus
254 2654 351 2697 nocuerit
362 2670 427 2711 quam
442 2654 553 2711 profuerit.
585 2658 619 2697 Ao
633 2655 703 2712 primo
714 2658 800 2714 quidem

83 2737 150 2779 quum
160 2737 233 2766 versus
249 2724 351 2781 plurimos
365 2726 393 2767 ab
408 2725 599 2782 interpolatoribus
614 2726 684 2769 illatos
698 2742 744 2770 esse
757 2729 799 2771 ool-

81 2783 132 2835 latis
142 2793 200 2835 inter
209 2808 232 2835 se
243 2794 400 2851 exemplaribus
411 2795 563 2852 manuscriptis
573 2796 646 2838 aliisve
656 2796 739 2840 indiciis
748 2813 798 2841 usus

421 2879 457 2907 aa
