1936 3053
127 130 145 173 vi
387 134 583 179 PRAEFATIO.

126 242 209 285 frustra
227 242 328 286 laborant
345 243 482 302 interpretes,
501 245 584 288 tollitur
601 244 780 303 aptissimumque
797 261 844 289 ver-

126 313 178 355 bum
190 314 333 369 ἐπιφρονέουσι
341 315 471 368 restituitur,
479 316 536 374 quod
547 321 643 359 mentem
655 316 768 359 advertere
779 317 845 376 signi-

126 384 185 434 ficat,
196 388 324 427 annotatum
338 385 367 428 ab
378 385 489 442 Hesychio
503 385 659 441 ἐπιφρονέονσιν
670 392 730 442 (uam
745 387 775 429 sic
789 388 846 430 codi-

127 455 158 497 cis
173 454 304 512 scripturam
317 457 486 511 ὲπιφρονεύουσιν
496 456 591 499 correxit
601 456 617 499 J
618 457 700 509 ensius)
712 472 751 514 per
761 459 846 502 ἐπακού-

127 543 186 569 ουσιν
196 526 353 582 interpretato:
371 541 419 584 quae
429 527 502 585 glossa
515 527 533 569 si
547 527 574 569 ad
590 527 647 569 hunc
661 527 732 570 locum
746 533 780 571 est
792 529 846 571 refe-

127 596 202 647 renda,
211 595 290 639 indicio
301 601 335 639 est
346 597 412 640 etiam
423 597 480 640 iuter
491 598 575 641 codices
585 597 745 640 Alexandrinos
754 598 845 642 Homeri

127 667 192 709 fuisse
203 666 239 723 qui
252 666 282 709 sic
292 666 397 724 scriptum
412 668 524 711 haberent.
546 668 621 711 Verbo
637 673 711 712 autem
727 672 845 725 ἐπιφρονεῖν

128 738 237 780 Homerus
247 752 299 780 usus
309 743 343 780 est
354 737 421 782 etiam
432 739 473 782 Od.
484 753 516 795 19,
528 740 555 796 58
557 752 578 796 5.
589 739 634 783 alia
644 739 802 797 significatione

236 833 262 876 ὡς
273 833 299 874 ού
308 849 346 886 περ
357 832 406 885 αὐτὴ
418 831 558 887 ἐπιφρονέοοο’
568 834 678 888 ἀγορεύεις,

126 930 164 973 ubi
174 946 213 988 per
223 932 332 985 περίφρων,
341 931 442 988 prudens,
451 931 572 988 explicatur
581 931 610 974 ab
621 930 745 974 Eustochio,
770 931 846 975 Altera

127 1001 186 1059 apud
197 1001 312 1044 Platonem
327 1001 439 1058 scriptume
451 1001 565 1045 diversitas
575 1002 703 1044 ἀειδόντεσσι
713 1016 753 1059 pro
765 1002 846 1045 ἀκουόν-

127 1089 193 1123 τεσσι,
207 1072 282 1128 inepta
296 1071 382 1128 quidem
398 1087 437 1128 per
449 1087 472 1115 se
487 1078 527 1123 est,
538 1087 605 1129 quum
619 1072 650 1114 sic
665 1071 702 1128 qui
718 1071 846 1114 canentibus

127 1157 202 1185 aurem
215 1142 312 1198 praebere
323 1142 417 1184 debeant
429 1141 469 1199 ipsi
483 1156 560 1184 canere
571 1141 677 1192 dicautur,
689 1142 727 1185 sed
738 1157 794 1185 verae
804 1142 845 1184 lec-

127 1211 193 1254 tionis
207 1211 321 1269 restigium
337 1211 435 1255 continet
450 1213 478 1254 ab
489 1211 638 1255 L.Dindorfio
654 1212 766 1266 restitutae
780 1214 845 1255 ἀειόν-

127 1300 192 1332 τεοσι,
210 1283 232 1325 id
250 1287 284 1325 est
302 1284 413 1333 ἀϊόντενσι,
433 1283 541 1340 producta
559 1283 641 1340 syllaba
659 1284 759 1326 secunda.
794 1283 845 1338 Quae

128 1368 229 1395 mensura
242 1352 308 1395 etiam
323 1353 382 1409 apud
395 1352 516 1395 Hesiodum
527 1353 569 1409 Op.
582 1367 630 1395 211.
643 1353 713 1396 fraudi
724 1352 766 1396 fuit
777 1353 844 1396 veteri

129 1424 252 1473 correctori,
264 1423 301 1480 qui
311 1423 394 1480 pariter
404 1424 492 1466 verbum
503 1423 583 1466 ἀκούειν
594 1423 709 1466 substituit
720 1423 778 1480 qnod
788 1437 846 1465 nunc

129 1493 221 1535 inlibris
232 1493 331 1535 omnibus
341 1492 427 1550 legitur,

302 1584 318 1627 ci
328 1587 406 1639 Πέρση,
418 1586 443 1627 σὺ
454 1585 471 1627 δ’
480 1586 539 1627 ἄκουε
550 1585 610 1637 δίκης,

130 1679 168 1721 sed
186 1694 258 1721 reram
276 1678 407 1735 scripturam
425 1677 518 1720 servavit
534 1676 608 1733 Etym.
618 1676 659 1719 -Μ,
676 1691 696 1734 p.
711 1690 747 1733 43,
757 1687 779 1733 5.
794 1674 846 1718 ἀΐωε

129 1748 227 1794 Ἡσίοδος
238 1755 250 1773 “
258 1749 284 1792 ob
295 1747 310 1791 δ’
322 1749 353 1791 ἄϊε
368 1747 432 1801 dian?
443 1747 487 1791 ἀντὶ
500 1750 534 1790 τοῦ
550 1748 616 1790 ἄκουε.
648 1746 730 1789 Eadem
745 1760 846 1788 mensura

129 1837 180 1863 usus
189 1826 222 1864 est
230 1821 349 1877 AEschylus
357 1821 379 1863 in
387 1824 457 1863 metro
465 1818 609 1863 choriambico
619 1822 637 1850 —'
644 1841 659 1859 o
667 1840 682 1858 υ
689 1845 712 1871 -,
725 1839 740 1859 o
746 1822 793 1869 -‘-,
800 1816 845 1860 Eu-

129 1906 186 1934 men,
198 1892 247 1947 845.

366 1949 435 2004 θυμὸν,
448 1949 486 2001 ἄϊε,
496 1953 565 2003 μᾶτερ,

130 2059 179 2101 quae
189 2043 235 2086 sola
245 2042 287 2085 illic-
297 2047 351 2100 apta
362 2058 463 2085 mensura
474 2047 513 2094 est,
524 2057 567 2084 non
580 2056 628 2099 quae
639 2041 667 2084 ab
677 2039 725 2083 aliis
735 2039 805 2083 versui
816 2038 846 2081 illi

129 2113 246 2157 adhibetur
260 2113 366 2170 dactylica
375 2118 422 2163 έυ,
433 2118 473 2154 Lo
481 2135 503 2164 o,
514 2117 560 2156 Lo.
591 2112 613 2154 N
614 2127 642 2154 on
656 2111 726 2153 minus
740 2124 846 2152 memora-

128 2184 183 2227 biles
197 2184 244 2227 aliae
260 2188 311 2227 suut
327 2183 385 2241 apud
400 2183 515 2227 Platonem
531 2182 643 2239 scriptura
660 2180 803 2230 diversitates,
818 2180 846 2222 ad

130 2269 184 2311 quas
196 2254 243 2310 jam
253 2258 336 2297 veteres
351 2253 505 2311 grammaticos
520 2251 641 2296 attendisse
656 2250 735 2293 indicio
749 2253 783 2293 est
793 2249 847 2291 Am-

129 2324 195 2366 monii
211 2324 345 2366 Aristarchei
360 2324 386 2366 de
402 2324 443 2366 hoc
458 2329 586 2380 argumento
599 2321 654 2364 liber
669 2324 801 2362 memoratus
817 2319 846 2361 ab

129 2393 195 2436 schol.
206 2393 281 2436 iliadis
292 2409 312 2450 9,
323 2407 373 2450 540.
385 2394 492 2448 ἔρδεσκενῑ
509 2393 622 2446 Ἀμμώνιος
634 2392 657 2433 ἐν
668 2391 751 2447 τεᾷ-περὶ
761 2388 846 2431 santet

130 2463 242 2508 Πλάτωνος
259 2463 434 2518 μετενηνεγμένων
451 2465 473 2516 ἐξ
487 2462 576 2517 Ὁμήρου
594 2464 626 2504 διὰ
644 2463 679 2503 τοῦ
697 2456 710 2508 ζ
723 2457 847 2513 προφέρεται

129 2533 201 2586 ἔρεξεν.
223 2538 245 2575 et
256 2533 292 2589 qui
308 2532 382 2575 similis
398 2533 418 2574 ei
431 2532 497 2575 luisse
507 2531 593 2574 videtur
604 2528 726 2586 Tryphonis
736 2527 791 2569 liber
800 2527 846 2581 περὶ

128 2605 162 2654 τῆς
173 2603 258 2657 ἀρχαίας
269 2603 404 2657 ἀναγνώσεως
415 2605 548 2645 memoratus
558 2600 581 2642 in
592 2598 679 2642 scholiis
690 2596 754 2639 iliad.
766 2609 787 2652 3,
799 2607 845 2639 [aa.

129 2686 150 2727 5,
163 2685 212 2728 299.
224 2671 298 2728 inquo
312 2687 356 2714 non
371 2671 437 2714 solius
448 2670 554 2720 Platonis,
568 2669 604 2712 sed
620 2667 716 2710 omnium
729 2666 775 2708 fere
789 2665 846 2707 anti-

129 2740 227 2797 quiorum
243 2741 373 2798 scriptorum
386 2741 512 2785 Graecorum
526 2738 655 2782 Homericos
671 2737 729 2779 locos
745 2747 845 2777 excussos

129 2809 290 2868 scripturasque
302 2825 376 2853 eorum
392 2811 519 2867 conjunctas
534 2808 658 2867 propositas
671 2806 737 2849 luisse
751 2818 795 2846 non
807 2804 846 2846 im-
