<?xml version="1.0" encoding="UTF-8"?>
<!DOCTYPE html PUBLIC "-//W3C//DTD XHTML 1.0 Transitional//EN"
    "http://www.w3.org/TR/xhtml1/DTD/xhtml1-transitional.dtd">
<html xmlns="http://www.w3.org/1999/xhtml" xml:lang="en" lang="en">
 <head>
  <title>
</title>
<meta http-equiv="Content-Type" content="text/html;charset=utf-8" />
  <meta name='ocr-system' content='tesseract 3.04.00' />
  <meta name='ocr-capabilities' content='ocr_page ocr_carea ocr_par ocr_line ocrx_word'/>
</head>
<body>
  <div class='ocr_page' id='page_1' title='image "./MN40043ucmf_1_0019.png"; bbox 0 0 1936 3053; ppageno 0'>
   <div class='ocr_carea' id='block_1_1' title="bbox 356 104 812 147">
    <p class='ocr_par' dir='ltr' id='par_1_1' title="bbox 356 104 812 147">
     <span class='ocr_line' id='line_1_1' title="bbox 356 104 812 147; baseline 0.002 -1"><span class='ocrx_word' id='word_1_1' title='bbox 356 104 508 147; x_wconf 80' lang='lat' dir='ltr'>PuAEFnr</span> <span class='ocrx_word' id='word_1_2' title='bbox 515 104 554 147; x_wconf 83' lang='lat'>10.</span> <span class='ocrx_word' id='word_1_3' title='bbox 800 120 812 147; x_wconf 83' lang='lat' dir='ltr'><strong>v</strong></span> 
     </span>
    </p>
   </div>
   <div class='ocr_carea' id='block_1_2' title="bbox 92 215 813 2392">
    <p class='ocr_par' dir='ltr' id='par_1_2' title="bbox 93 215 813 330">
     <span class='ocr_line' id='line_1_2' title="bbox 95 215 813 274; baseline -0.001 -14"><span class='ocrx_word' id='word_1_4' title='bbox 95 217 206 260; x_wconf 75' lang='lat' dir='ltr'>Homerici</span> <span class='ocrx_word' id='word_1_5' title='bbox 226 216 317 259; x_wconf 87' lang='lat' dir='ltr'>scientia</span> <span class='ocrx_word' id='word_1_6' title='bbox 335 216 413 259; x_wconf 88' lang='lat' dir='ltr'>ceteris</span> <span class='ocrx_word' id='word_1_7' title='bbox 434 216 581 274; x_wconf 76' lang='lat' dir='ltr'>grammaticis</span> <span class='ocrx_word' id='word_1_8' title='bbox 598 215 698 259; x_wconf 86' lang='lat' dir='ltr'>omnibus</span> <span class='ocrx_word' id='word_1_9' title='bbox 716 216 813 274; x_wconf 80' lang='lat' dir='ltr'>superior</span> 
     </span>
     <span class='ocr_line' id='line_1_3' title="bbox 93 287 166 330; baseline 0 -2"><span class='ocrx_word' id='word_1_10' title='bbox 93 287 166 330; x_wconf 82' lang='lat' dir='ltr'>fuerit.</span> 
     </span>
    </p>

    <p class='ocr_par' dir='ltr' id='par_1_3' title="bbox 92 355 813 2251">
     <span class='ocr_line' id='line_1_4' title="bbox 124 355 812 414; baseline -0.001 -15"><span class='ocrx_word' id='word_1_11' title='bbox 124 357 216 399; x_wconf 82' lang='lat' dir='ltr'>Diuersa</span> <span class='ocrx_word' id='word_1_12' title='bbox 231 356 259 398; x_wconf 88' lang='lat' dir='ltr'>ab</span> <span class='ocrx_word' id='word_1_13' title='bbox 276 356 310 397; x_wconf 91' lang='lat' dir='ltr'>his</span> <span class='ocrx_word' id='word_1_14' title='bbox 327 355 520 414; x_wconf 83' lang='lat' dir='ltr'>grammaticorum</span> <span class='ocrx_word' id='word_1_15' title='bbox 536 360 633 398; x_wconf 87' lang='lat' dir='ltr'>veterum</span> <span class='ocrx_word' id='word_1_16' title='bbox 651 355 812 398; x_wconf 87' lang='lat' dir='ltr'>recensionibus</span> 
     </span>
     <span class='ocr_line' id='line_1_5' title="bbox 94 426 813 485; baseline -0.004 -15"><span class='ocrx_word' id='word_1_17' title='bbox 94 427 192 470; x_wconf 89' lang='lat' dir='ltr'>codicum</span> <span class='ocrx_word' id='word_1_18' title='bbox 203 427 239 485; x_wconf 89' lang='lat' dir='ltr'>qui</span> <span class='ocrx_word' id='word_1_19' title='bbox 253 427 317 470; x_wconf 86' lang='lat' dir='ltr'>hodie</span> <span class='ocrx_word' id='word_1_20' title='bbox 332 432 448 484; x_wconf 73' lang='lat' dir='ltr'>supersunt</span> <span class='ocrx_word' id='word_1_21' title='bbox 463 427 519 470; x_wconf 85' lang='lat' dir='ltr'>ratio</span> <span class='ocrx_word' id='word_1_22' title='bbox 529 431 570 480; x_wconf 80' lang='lat' dir='ltr'>est,</span> <span class='ocrx_word' id='word_1_23' title='bbox 582 426 618 483; x_wconf 92' lang='lat' dir='ltr'>qni</span> <span class='ocrx_word' id='word_1_24' title='bbox 633 426 683 469; x_wconf 86' lang='lat' dir='ltr'>hcet</span> <span class='ocrx_word' id='word_1_25' title='bbox 696 426 766 468; x_wconf 90' lang='lat' dir='ltr'>nndta</span> <span class='ocrx_word' id='word_1_26' title='bbox 776 426 813 468; x_wconf 84' lang='lat' dir='ltr'>ad-</span> 
     </span>
     <span class='ocr_line' id='line_1_6' title="bbox 93 495 813 557; baseline -0.003 -17"><span class='ocrx_word' id='word_1_27' title='bbox 93 497 194 541; x_wconf 74' lang='lat' dir='ltr'>sciverint</span> <span class='ocrx_word' id='word_1_28' title='bbox 205 513 253 554; x_wconf 84' lang='lat' dir='ltr'>quae</span> <span class='ocrx_word' id='word_1_29' title='bbox 267 496 397 557; x_wconf 82' lang='lat' dir='ltr'>Aristarcho</span> <span class='ocrx_word' id='word_1_30' title='bbox 413 497 487 541; x_wconf 81' lang='lat' dir='ltr'>aliisve</span> <span class='ocrx_word' id='word_1_31' title='bbox 503 497 649 554; x_wconf 81' lang='lat' dir='ltr'>antiquiorum</span> <span class='ocrx_word' id='word_1_32' title='bbox 664 495 813 539; x_wconf 89' lang='lat' dir='ltr'>recensionum</span> 
     </span>
     <span class='ocr_line' id='line_1_7' title="bbox 93 568 813 626; baseline -0.001 -14"><span class='ocrx_word' id='word_1_33' title='bbox 93 569 218 612; x_wconf 87' lang='lat' dir='ltr'>auctoribus</span> <span class='ocrx_word' id='word_1_34' title='bbox 233 570 327 626; x_wconf 85' lang='lat' dir='ltr'>probata</span> <span class='ocrx_word' id='word_1_35' title='bbox 340 569 406 611; x_wconf 84' lang='lat' dir='ltr'>fnisse</span> <span class='ocrx_word' id='word_1_36' title='bbox 417 584 443 611; x_wconf 83' lang='lat' dir='ltr'>ex</span> <span class='ocrx_word' id='word_1_37' title='bbox 454 569 619 612; x_wconf 81' lang='lat' dir='ltr'>scholiastarum</span> <span class='ocrx_word' id='word_1_38' title='bbox 634 568 813 611; x_wconf 70' lang='lat' dir='ltr'>annotationibus</span> 
     </span>
     <span class='ocr_line' id='line_1_8' title="bbox 94 639 813 698; baseline -0.001 -16"><span class='ocrx_word' id='word_1_39' title='bbox 94 640 249 698; x_wconf 76' lang='lat' dir='ltr'>cognoscimus,</span> <span class='ocrx_word' id='word_1_40' title='bbox 259 645 333 683; x_wconf 90' lang='lat' dir='ltr'>tamen</span> <span class='ocrx_word' id='word_1_41' title='bbox 347 639 417 683; x_wconf 79' lang='lat' dir='ltr'>nullus</span> <span class='ocrx_word' id='word_1_42' title='bbox 434 655 508 682; x_wconf 88' lang='lat' dir='ltr'>eorum</span> <span class='ocrx_word' id='word_1_43' title='bbox 524 640 630 697; x_wconf 79' lang='lat' dir='ltr'>integram</span> <span class='ocrx_word' id='word_1_44' title='bbox 641 645 679 682; x_wconf 88' lang='lat' dir='ltr'>aut</span> <span class='ocrx_word' id='word_1_45' title='bbox 690 639 813 682; x_wconf 76' lang='lat' dir='ltr'>Aristarchi</span> 
     </span>
     <span class='ocr_line' id='line_1_9' title="bbox 94 710 812 768; baseline 0 -15"><span class='ocrx_word' id='word_1_46' title='bbox 94 715 134 753; x_wconf 89' lang='lat' dir='ltr'>aut</span> <span class='ocrx_word' id='word_1_47' title='bbox 149 710 212 752; x_wconf 84' lang='lat' dir='ltr'>uilius</span> <span class='ocrx_word' id='word_1_48' title='bbox 230 710 285 753; x_wconf 88' lang='lat' dir='ltr'>alins</span> <span class='ocrx_word' id='word_1_49' title='bbox 301 711 380 754; x_wconf 82' lang='lat' dir='ltr'>veteris</span> <span class='ocrx_word' id='word_1_50' title='bbox 399 710 537 768; x_wconf 80' lang='lat' dir='ltr'>grammatici</span> <span class='ocrx_word' id='word_1_51' title='bbox 554 711 699 753; x_wconf 80' lang='lat' dir='ltr'>recensionem</span> <span class='ocrx_word' id='word_1_52' title='bbox 716 710 812 764; x_wconf 84' lang='lat' dir='ltr'>exhibet,</span> 
     </span>
     <span class='ocr_line' id='line_1_10' title="bbox 94 781 813 839; baseline -0.001 -15"><span class='ocrx_word' id='word_1_53' title='bbox 94 781 132 824; x_wconf 88' lang='lat' dir='ltr'>sed</span> <span class='ocrx_word' id='word_1_54' title='bbox 143 796 223 832; x_wconf 75' lang='lat' dir='ltr'>omnes,</span> <span class='ocrx_word' id='word_1_55' title='bbox 235 782 373 838; x_wconf 86' lang='lat' dir='ltr'>quantumvis</span> <span class='ocrx_word' id='word_1_56' title='bbox 388 796 445 838; x_wconf 79' lang='lat' dir='ltr'>saepe</span> <span class='ocrx_word' id='word_1_57' title='bbox 460 781 517 824; x_wconf 88' lang='lat' dir='ltr'>inter</span> <span class='ocrx_word' id='word_1_58' title='bbox 527 797 550 824; x_wconf 89' lang='lat' dir='ltr'>se</span> <span class='ocrx_word' id='word_1_59' title='bbox 564 782 718 839; x_wconf 84' lang='lat' dir='ltr'>discrepantes,</span> <span class='ocrx_word' id='word_1_60' title='bbox 730 781 752 823; x_wconf 90' lang='lat' dir='ltr'>in</span> <span class='ocrx_word' id='word_1_61' title='bbox 766 782 813 823; x_wconf 90' lang='lat' dir='ltr'>nni-</span> 
     </span>
     <span class='ocr_line' id='line_1_11' title="bbox 94 851 813 910; baseline 0.004 -16"><span class='ocrx_word' id='word_1_62' title='bbox 94 867 179 895; x_wconf 87' lang='lat' dir='ltr'>versum</span> <span class='ocrx_word' id='word_1_63' title='bbox 189 856 284 895; x_wconf 86' lang='lat' dir='ltr'>veterem</span> <span class='ocrx_word' id='word_1_64' title='bbox 293 852 400 909; x_wconf 87' lang='lat' dir='ltr'>quendam</span> <span class='ocrx_word' id='word_1_65' title='bbox 411 851 499 895; x_wconf 86' lang='lat' dir='ltr'>incertae</span> <span class='ocrx_word' id='word_1_66' title='bbox 511 856 533 894; x_wconf 88' lang='lat' dir='ltr'>et</span> <span class='ocrx_word' id='word_1_67' title='bbox 544 852 633 910; x_wconf 77' lang='lat' dir='ltr'>originis</span> <span class='ocrx_word' id='word_1_68' title='bbox 644 858 666 895; x_wconf 89' lang='lat' dir='ltr'>et</span> <span class='ocrx_word' id='word_1_69' title='bbox 676 853 813 897; x_wconf 77' lang='lat' dir='ltr'>auctoritatis</span> 
     </span>
     <span class='ocr_line' id='line_1_12' title="bbox 94 922 813 982; baseline 0.001 -17"><span class='ocrx_word' id='word_1_70' title='bbox 94 927 180 965; x_wconf 85' lang='lat' dir='ltr'>textum</span> <span class='ocrx_word' id='word_1_71' title='bbox 196 922 305 975; x_wconf 83' lang='lat' dir='ltr'>exhibent,</span> <span class='ocrx_word' id='word_1_72' title='bbox 321 938 386 980; x_wconf 89' lang='lat' dir='ltr'>qnam</span> <span class='ocrx_word' id='word_1_73' title='bbox 401 924 514 977; x_wconf 74' lang='grc' dir='ltr'>παράδοσιν</span> <span class='ocrx_word' id='word_1_74' title='bbox 530 923 640 981; x_wconf 75' lang='lat' dir='ltr'>appellare</span> <span class='ocrx_word' id='word_1_75' title='bbox 657 924 727 966; x_wconf 86' lang='lat' dir='ltr'>soient</span> <span class='ocrx_word' id='word_1_76' title='bbox 742 939 813 982; x_wconf 84' lang='lat' dir='ltr'>gram·</span> 
     </span>
     <span class='ocr_line' id='line_1_13' title="bbox 93 993 812 1046; baseline 0.001 -9"><span class='ocrx_word' id='word_1_77' title='bbox 93 993 174 1046; x_wconf 87' lang='lat' dir='ltr'>matici,</span> <span class='ocrx_word' id='word_1_78' title='bbox 193 1009 232 1036; x_wconf 91' lang='lat' dir='ltr'>nos</span> <span class='ocrx_word' id='word_1_79' title='bbox 253 993 317 1036; x_wconf 91' lang='lat' dir='ltr'>hodie</span> <span class='ocrx_word' id='word_1_80' title='bbox 338 1009 380 1036; x_wconf 92' lang='lat' dir='ltr'>non</span> <span class='ocrx_word' id='word_1_81' title='bbox 401 994 473 1036; x_wconf 89' lang='lat' dir='ltr'>minus</span> <span class='ocrx_word' id='word_1_82' title='bbox 489 993 578 1037; x_wconf 84' lang='lat' dir='ltr'>incertae</span> <span class='ocrx_word' id='word_1_83' title='bbox 597 994 692 1038; x_wconf 88' lang='lat' dir='ltr'>notionis</span> <span class='ocrx_word' id='word_1_84' title='bbox 708 995 812 1038; x_wconf 79' lang='lat' dir='ltr'>vocabulo</span> 
     </span>
     <span class='ocr_line' id='line_1_14' title="bbox 95 1063 812 1122; baseline 0.006 -18"><span class='ocrx_word' id='word_1_85' title='bbox 95 1063 215 1122; x_wconf 79' lang='lat' dir='ltr'>Vulgatam</span> <span class='ocrx_word' id='word_1_86' title='bbox 233 1078 341 1106; x_wconf 81' lang='lat' dir='ltr'>vocamus.</span> <span class='ocrx_word' id='word_1_87' title='bbox 377 1063 503 1121; x_wconf 80' lang='lat' dir='ltr'>anusmodi</span> <span class='ocrx_word' id='word_1_88' title='bbox 522 1065 651 1108; x_wconf 84' lang='lat' dir='ltr'>editionibus</span> <span class='ocrx_word' id='word_1_89' title='bbox 667 1066 712 1122; x_wconf 86' lang='lat' dir='ltr'>jam</span> <span class='ocrx_word' id='word_1_90' title='bbox 729 1071 812 1108; x_wconf 88' lang='lat' dir='ltr'>veteres</span> 
     </span>
     <span class='ocr_line' id='line_1_15' title="bbox 95 1133 811 1192; baseline 0.003 -17"><span class='ocrx_word' id='word_1_91' title='bbox 95 1133 166 1176; x_wconf 73' lang='lat' dir='ltr'>Grceci</span> <span class='ocrx_word' id='word_1_92' title='bbox 183 1138 233 1176; x_wconf 84' lang='lat' dir='ltr'>ante</span> <span class='ocrx_word' id='word_1_93' title='bbox 244 1133 442 1177; x_wconf 84' lang='lat' dir='ltr'>Alexandrinorum</span> <span class='ocrx_word' id='word_1_94' title='bbox 457 1135 649 1192; x_wconf 78' lang='lat' dir='ltr'>grammaticorum</span> <span class='ocrx_word' id='word_1_95' title='bbox 666 1141 764 1191; x_wconf 88' lang='lat' dir='ltr'>tempora</span> <span class='ocrx_word' id='word_1_96' title='bbox 779 1135 811 1177; x_wconf 88' lang='lat' dir='ltr'>usi</span> 
     </span>
     <span class='ocr_line' id='line_1_16' title="bbox 95 1204 812 1262; baseline 0.001 -16"><span class='ocrx_word' id='word_1_97' title='bbox 95 1209 153 1256; x_wconf 86' lang='lat' dir='ltr'>sunt,</span> <span class='ocrx_word' id='word_1_98' title='bbox 164 1204 200 1247; x_wconf 87' lang='lat' dir='ltr'>aiii</span> <span class='ocrx_word' id='word_1_99' title='bbox 213 1204 402 1257; x_wconf 79' lang='lat' dir='ltr'>emendatioribus,</span> <span class='ocrx_word' id='word_1_100' title='bbox 414 1204 450 1247; x_wconf 87' lang='lat' dir='ltr'>alii</span> <span class='ocrx_word' id='word_1_101' title='bbox 462 1205 617 1248; x_wconf 88' lang='lat' dir='ltr'>deterioribus:</span> <span class='ocrx_word' id='word_1_102' title='bbox 634 1206 751 1262; x_wconf 87' lang='lat' dir='ltr'>dequibus</span> <span class='ocrx_word' id='word_1_103' title='bbox 765 1211 812 1248; x_wconf 87' lang='lat' dir='ltr'>tan-</span> 
     </span>
     <span class='ocr_line' id='line_1_17' title="bbox 94 1275 812 1333; baseline 0 -15"><span class='ocrx_word' id='word_1_104' title='bbox 94 1280 141 1318; x_wconf 86' lang='lat' dir='ltr'>tum</span> <span class='ocrx_word' id='word_1_105' title='bbox 150 1275 228 1318; x_wconf 87' lang='lat' dir='ltr'>scimus</span> <span class='ocrx_word' id='word_1_106' title='bbox 237 1281 342 1333; x_wconf 88' lang='lat' dir='ltr'>qnantum</span> <span class='ocrx_word' id='word_1_107' title='bbox 353 1276 449 1319; x_wconf 81' lang='lat' dir='ltr'>iocorum</span> <span class='ocrx_word' id='word_1_108' title='bbox 460 1276 623 1319; x_wconf 80' lang='lat' dir='ltr'>Homericornm</span> <span class='ocrx_word' id='word_1_109' title='bbox 630 1291 683 1333; x_wconf 90' lang='lat' dir='ltr'>qnos</span> <span class='ocrx_word' id='word_1_110' title='bbox 695 1276 812 1332; x_wconf 85' lang='lat' dir='ltr'>scriptores</span> 
     </span>
     <span class='ocr_line' id='line_1_18' title="bbox 94 1346 812 1403; baseline 0.003 -16"><span class='ocrx_word' id='word_1_111' title='bbox 94 1350 177 1388; x_wconf 87' lang='lat' dir='ltr'>veteres</span> <span class='ocrx_word' id='word_1_112' title='bbox 188 1346 258 1389; x_wconf 87' lang='lat' dir='ltr'>citant</span> <span class='ocrx_word' id='word_1_113' title='bbox 268 1346 372 1403; x_wconf 88' lang='lat' dir='ltr'>plurimos</span> <span class='ocrx_word' id='word_1_114' title='bbox 383 1362 431 1389; x_wconf 82' lang='lat' dir='ltr'>curn</span> <span class='ocrx_word' id='word_1_115' title='bbox 443 1347 608 1389; x_wconf 86' lang='lat' dir='ltr'>scholiastarum</span> <span class='ocrx_word' id='word_1_116' title='bbox 619 1346 759 1403; x_wconf 88' lang='lat' dir='ltr'>codicumque</span> <span class='ocrx_word' id='word_1_117' title='bbox 775 1362 812 1389; x_wconf 84' lang='lat' dir='ltr'>no-</span> 
     </span>
     <span class='ocr_line' id='line_1_19' title="bbox 94 1416 811 1474; baseline 0.004 -16"><span class='ocrx_word' id='word_1_118' title='bbox 94 1422 189 1460; x_wconf 91' lang='lat' dir='ltr'>strorum</span> <span class='ocrx_word' id='word_1_119' title='bbox 207 1417 335 1460; x_wconf 86' lang='lat' dir='ltr'>lectionibus</span> <span class='ocrx_word' id='word_1_120' title='bbox 353 1417 487 1474; x_wconf 86' lang='lat' dir='ltr'>comparatio</span> <span class='ocrx_word' id='word_1_121' title='bbox 505 1417 575 1469; x_wconf 91' lang='lat' dir='ltr'>docet,</span> <span class='ocrx_word' id='word_1_122' title='bbox 593 1432 650 1474; x_wconf 82' lang='lat' dir='ltr'>saepe</span> <span class='ocrx_word' id='word_1_123' title='bbox 668 1416 704 1459; x_wconf 84' lang='lat' dir='ltr'>illa</span> <span class='ocrx_word' id='word_1_124' title='bbox 721 1416 811 1469; x_wconf 80' lang='lat' dir='ltr'>incerta,</span> 
     </span>
     <span class='ocr_line' id='line_1_20' title="bbox 95 1487 812 1544; baseline 0.003 -15"><span class='ocrx_word' id='word_1_125' title='bbox 95 1503 160 1544; x_wconf 89' lang='lat' dir='ltr'>quum</span> <span class='ocrx_word' id='word_1_126' title='bbox 174 1502 248 1530; x_wconf 86' lang='lat' dir='ltr'>versus</span> <span class='ocrx_word' id='word_1_127' title='bbox 265 1487 376 1530; x_wconf 89' lang='lat' dir='ltr'>Homerici</span> <span class='ocrx_word' id='word_1_128' title='bbox 390 1504 403 1531; x_wconf 86' lang='lat' dir='ltr'>a</span> <span class='ocrx_word' id='word_1_129' title='bbox 418 1488 492 1530; x_wconf 83' lang='lat' dir='ltr'>multis</span> <span class='ocrx_word' id='word_1_130' title='bbox 509 1488 634 1531; x_wconf 84' lang='lat' dir='ltr'>memoriter</span> <span class='ocrx_word' id='word_1_131' title='bbox 648 1487 761 1544; x_wconf 86' lang='lat' dir='ltr'>minusque</span> <span class='ocrx_word' id='word_1_132' title='bbox 778 1503 812 1531; x_wconf 90' lang='lat' dir='ltr'>ac-</span> 
     </span>
     <span class='ocr_line' id='line_1_21' title="bbox 95 1558 812 1616; baseline 0 -16"><span class='ocrx_word' id='word_1_133' title='bbox 95 1564 170 1601; x_wconf 88' lang='lat' dir='ltr'>curate</span> <span class='ocrx_word' id='word_1_134' title='bbox 180 1558 241 1601; x_wconf 86' lang='lat' dir='ltr'>citati</span> <span class='ocrx_word' id='word_1_135' title='bbox 252 1558 302 1609; x_wconf 86' lang='lat' dir='ltr'>sint,</span> <span class='ocrx_word' id='word_1_136' title='bbox 314 1558 423 1601; x_wconf 89' lang='lat' dir='ltr'>interdum</span> <span class='ocrx_word' id='word_1_137' title='bbox 435 1558 501 1601; x_wconf 84' lang='lat' dir='ltr'>etiam</span> <span class='ocrx_word' id='word_1_138' title='bbox 512 1574 525 1601; x_wconf 90' lang='lat' dir='ltr'>a</span> <span class='ocrx_word' id='word_1_139' title='bbox 535 1559 679 1616; x_wconf 85' lang='lat' dir='ltr'>posteriorum</span> <span class='ocrx_word' id='word_1_140' title='bbox 690 1562 812 1615; x_wconf 87' lang='lat' dir='ltr'>temporum</span> 
     </span>
     <span class='ocr_line' id='line_1_22' title="bbox 95 1628 811 1686; baseline -0.001 -14"><span class='ocrx_word' id='word_1_141' title='bbox 95 1629 254 1672; x_wconf 85' lang='lat' dir='ltr'>correctoribus</span> <span class='ocrx_word' id='word_1_142' title='bbox 270 1629 299 1672; x_wconf 84' lang='lat' dir='ltr'>ad</span> <span class='ocrx_word' id='word_1_143' title='bbox 316 1629 438 1671; x_wconf 86' lang='lat' dir='ltr'>recentiora</span> <span class='ocrx_word' id='word_1_144' title='bbox 457 1629 554 1686; x_wconf 81' lang='lat' dir='ltr'>exempla</span> <span class='ocrx_word' id='word_1_145' title='bbox 571 1628 639 1672; x_wconf 85' lang='lat' dir='ltr'>reficti</span> <span class='ocrx_word' id='word_1_146' title='bbox 657 1644 703 1671; x_wconf 86' lang='lat' dir='ltr'>esse</span> <span class='ocrx_word' id='word_1_147' title='bbox 721 1628 811 1686; x_wconf 89' lang='lat' dir='ltr'>possint.</span> 
     </span>
     <span class='ocr_line' id='line_1_23' title="bbox 94 1699 812 1756; baseline -0.001 -14"><span class='ocrx_word' id='word_1_148' title='bbox 94 1700 147 1743; x_wconf 90' lang='lat' dir='ltr'>Non</span> <span class='ocrx_word' id='word_1_149' title='bbox 163 1715 212 1743; x_wconf 84' lang='lat' dir='ltr'>raro</span> <span class='ocrx_word' id='word_1_150' title='bbox 229 1705 302 1743; x_wconf 85' lang='lat' dir='ltr'>tamen</span> <span class='ocrx_word' id='word_1_151' title='bbox 318 1699 423 1742; x_wconf 82' lang='lat' dir='ltr'>lectiones</span> <span class='ocrx_word' id='word_1_152' title='bbox 440 1704 538 1742; x_wconf 88' lang='lat' dir='ltr'>serratas</span> <span class='ocrx_word' id='word_1_153' title='bbox 554 1714 600 1741; x_wconf 91' lang='lat' dir='ltr'>esse</span> <span class='ocrx_word' id='word_1_154' title='bbox 614 1700 710 1741; x_wconf 88' lang='lat' dir='ltr'>videmus</span> <span class='ocrx_word' id='word_1_155' title='bbox 724 1699 749 1741; x_wconf 88' lang='lat' dir='ltr'>iis</span> <span class='ocrx_word' id='word_1_156' title='bbox 764 1713 812 1756; x_wconf 82' lang='lat' dir='ltr'>quae</span> 
     </span>
     <span class='ocr_line' id='line_1_24' title="bbox 94 1768 811 1826; baseline -0.001 -13"><span class='ocrx_word' id='word_1_157' title='bbox 94 1786 151 1814; x_wconf 89' lang='lat' dir='ltr'>nunc</span> <span class='ocrx_word' id='word_1_158' title='bbox 169 1771 190 1812; x_wconf 93' lang='lat' dir='ltr'>in</span> <span class='ocrx_word' id='word_1_159' title='bbox 209 1770 317 1813; x_wconf 88' lang='lat' dir='ltr'>codicibus</span> <span class='ocrx_word' id='word_1_160' title='bbox 338 1769 476 1826; x_wconf 88' lang='lat' dir='ltr'>reperiuntur</span> <span class='ocrx_word' id='word_1_161' title='bbox 493 1769 561 1812; x_wconf 90' lang='lat' dir='ltr'>multo</span> <span class='ocrx_word' id='word_1_162' title='bbox 580 1774 602 1812; x_wconf 90' lang='lat' dir='ltr'>et</span> <span class='ocrx_word' id='word_1_163' title='bbox 620 1768 771 1826; x_wconf 85' lang='lat' dir='ltr'>exquisitiores</span> <span class='ocrx_word' id='word_1_164' title='bbox 789 1773 811 1812; x_wconf 87' lang='lat' dir='ltr'>et</span> 
     </span>
     <span class='ocr_line' id='line_1_25' title="bbox 94 1840 811 1898; baseline -0.003 -14"><span class='ocrx_word' id='word_1_165' title='bbox 94 1841 255 1898; x_wconf 81' lang='lat' dir='ltr'>probabiliores,</span> <span class='ocrx_word' id='word_1_166' title='bbox 268 1855 359 1898; x_wconf 90' lang='lat' dir='ltr'>quarum</span> <span class='ocrx_word' id='word_1_167' title='bbox 371 1840 425 1883; x_wconf 86' lang='lat' dir='ltr'>alias</span> <span class='ocrx_word' id='word_1_168' title='bbox 437 1840 566 1882; x_wconf 78' lang='lat' dir='ltr'>Aristarcho</span> <span class='ocrx_word' id='word_1_169' title='bbox 578 1855 668 1897; x_wconf 89' lang='lat' dir='ltr'>quoqne,</span> <span class='ocrx_word' id='word_1_170' title='bbox 681 1840 717 1897; x_wconf 87' lang='lat' dir='ltr'>qui</span> <span class='ocrx_word' id='word_1_171' title='bbox 729 1840 811 1897; x_wconf 88' lang='lat' dir='ltr'>primus</span> 
     </span>
     <span class='ocr_line' id='line_1_26' title="bbox 92 1910 812 1968; baseline 0 -15"><span class='ocrx_word' id='word_1_172' title='bbox 92 1912 116 1953; x_wconf 94' lang='lat' dir='ltr'>in</span> <span class='ocrx_word' id='word_1_173' title='bbox 129 1912 226 1954; x_wconf 88' lang='lat' dir='ltr'>codicum</span> <span class='ocrx_word' id='word_1_174' title='bbox 241 1911 395 1954; x_wconf 86' lang='lat' dir='ltr'>auctoritatem</span> <span class='ocrx_word' id='word_1_175' title='bbox 410 1910 501 1967; x_wconf 89' lang='lat' dir='ltr'>peritius</span> <span class='ocrx_word' id='word_1_176' title='bbox 516 1911 650 1967; x_wconf 84' lang='lat' dir='ltr'>inquisivisse</span> <span class='ocrx_word' id='word_1_177' title='bbox 660 1911 751 1962; x_wconf 83' lang='lat' dir='ltr'>videtur,</span> <span class='ocrx_word' id='word_1_178' title='bbox 763 1926 812 1968; x_wconf 81' lang='lat' dir='ltr'>cog-</span> 
     </span>
     <span class='ocr_line' id='line_1_27' title="bbox 93 1981 811 2039; baseline 0 -15"><span class='ocrx_word' id='word_1_179' title='bbox 93 1982 151 2025; x_wconf 84' lang='lat' dir='ltr'>nitas</span> <span class='ocrx_word' id='word_1_180' title='bbox 168 1984 314 2039; x_wconf 83' lang='lat' dir='ltr'>probatasque</span> <span class='ocrx_word' id='word_1_181' title='bbox 330 1981 395 2024; x_wconf 78' lang='lat' dir='ltr'>fuisse</span> <span class='ocrx_word' id='word_1_182' title='bbox 412 1981 497 2030; x_wconf 86' lang='lat' dir='ltr'>scimus,</span> <span class='ocrx_word' id='word_1_183' title='bbox 514 1981 574 2032; x_wconf 79' lang='lat' dir='ltr'>alias,</span> <span class='ocrx_word' id='word_1_184' title='bbox 588 1982 629 2024; x_wconf 90' lang='lat' dir='ltr'>etsi</span> <span class='ocrx_word' id='word_1_185' title='bbox 645 1982 667 2023; x_wconf 92' lang='lat' dir='ltr'>in</span> <span class='ocrx_word' id='word_1_186' title='bbox 681 1981 811 2024; x_wconf 88' lang='lat' dir='ltr'>scholiorum</span> 
     </span>
     <span class='ocr_line' id='line_1_28' title="bbox 94 2051 812 2109; baseline 0 -14"><span class='ocrx_word' id='word_1_187' title='bbox 94 2052 201 2109; x_wconf 83' lang='lat' dir='ltr'>excerptis</span> <span class='ocrx_word' id='word_1_188' title='bbox 217 2052 275 2095; x_wconf 85' lang='lat' dir='ltr'>nulia</span> <span class='ocrx_word' id='word_1_189' title='bbox 288 2067 362 2094; x_wconf 87' lang='lat' dir='ltr'>earum</span> <span class='ocrx_word' id='word_1_190' title='bbox 378 2051 459 2094; x_wconf 82' lang='lat' dir='ltr'>mentio</span> <span class='ocrx_word' id='word_1_191' title='bbox 472 2051 504 2101; x_wconf 88' lang='lat' dir='ltr'>fit,</span> <span class='ocrx_word' id='word_1_192' title='bbox 517 2051 614 2108; x_wconf 79' lang='lat' dir='ltr'>cognitas</span> <span class='ocrx_word' id='word_1_193' title='bbox 627 2051 693 2093; x_wconf 82' lang='lat' dir='ltr'>fnisse</span> <span class='ocrx_word' id='word_1_194' title='bbox 706 2052 812 2109; x_wconf 86' lang='lat' dir='ltr'>conjicere</span> 
     </span>
     <span class='ocr_line' id='line_1_29' title="bbox 94 2121 809 2178; baseline 0.001 -13"><span class='ocrx_word' id='word_1_195' title='bbox 94 2123 151 2165; x_wconf 88' lang='lat' dir='ltr'>lieet.</span> <span class='ocrx_word' id='word_1_196' title='bbox 188 2123 229 2172; x_wconf 73' lang='lat' dir='ltr'>Sic,</span> <span class='ocrx_word' id='word_1_197' title='bbox 245 2126 270 2164; x_wconf 87' lang='lat' dir='ltr'>ut</span> <span class='ocrx_word' id='word_1_198' title='bbox 286 2123 326 2164; x_wconf 90' lang='lat' dir='ltr'>hoc</span> <span class='ocrx_word' id='word_1_199' title='bbox 345 2121 442 2178; x_wconf 88' lang='lat' dir='ltr'>exemplo</span> <span class='ocrx_word' id='word_1_200' title='bbox 458 2127 514 2172; x_wconf 83' lang='lat' dir='ltr'>utar,</span> <span class='ocrx_word' id='word_1_201' title='bbox 526 2121 547 2162; x_wconf 91' lang='lat' dir='ltr'>in</span> <span class='ocrx_word' id='word_1_202' title='bbox 562 2121 658 2164; x_wconf 74' lang='lat' dir='ltr'>versibus</span> <span class='ocrx_word' id='word_1_203' title='bbox 675 2122 778 2178; x_wconf 76' lang='lat' dir='ltr'>Odysseae</span> <span class='ocrx_word' id='word_1_204' title='bbox 791 2139 809 2174; x_wconf 89' lang='lat'>1,</span> 
     </span>
     <span class='ocr_line' id='line_1_30' title="bbox 94 2204 209 2251; baseline -0.009 -1"><span class='ocrx_word' id='word_1_205' title='bbox 94 2204 209 2251; x_wconf 75' lang='lat'>351,352:</span> 
     </span>
    </p>

    <p class='ocr_par' dir='ltr' id='par_1_4' title="bbox 182 2267 681 2392">
     <span class='ocr_line' id='line_1_31' title="bbox 184 2267 681 2322; baseline 0.004 -14"><span class='ocrx_word' id='word_1_206' title='bbox 184 2267 219 2320; x_wconf 77' lang='grc' dir='ltr'>τὴν</span> <span class='ocrx_word' id='word_1_207' title='bbox 229 2270 268 2322; x_wconf 76' lang='grc' dir='ltr'>γὰρ</span> <span class='ocrx_word' id='word_1_208' title='bbox 279 2267 348 2321; x_wconf 70' lang='grc' dir='ltr'>ἀοιδὴν</span> <span class='ocrx_word' id='word_1_209' title='bbox 357 2271 438 2321; x_wconf 78' lang='grc' dir='ltr'>μᾶλλον</span> <span class='ocrx_word' id='word_1_210' title='bbox 450 2267 571 2310; x_wconf 78' lang='grc' dir='ltr'>ἐπικλείονσ’</span> <span class='ocrx_word' id='word_1_211' title='bbox 581 2269 681 2321; x_wconf 85' lang='grc' dir='ltr'>ἀνθρωτοι</span> 
     </span>
     <span class='ocr_line' id='line_1_32' title="bbox 182 2337 621 2392; baseline 0 -13"><span class='ocrx_word' id='word_1_212' title='bbox 182 2338 224 2390; x_wconf 77' lang='grc' dir='ltr'>ἥτις</span> <span class='ocrx_word' id='word_1_213' title='bbox 236 2339 369 2380; x_wconf 80' lang='grc' dir='ltr'>ἀκουόντεσσι</span> <span class='ocrx_word' id='word_1_214' title='bbox 380 2337 466 2390; x_wconf 78' lang='grc' dir='ltr'>νεωτάτη</span> <span class='ocrx_word' id='word_1_215' title='bbox 478 2337 621 2392; x_wconf 77' lang='grc' dir='ltr'>ἀμφιπέληται,</span> 
     </span>
    </p>
   </div>
   <div class='ocr_carea' id='block_1_3' title="bbox 93 2423 810 2770">
    <p class='ocr_par' dir='ltr' id='par_1_5' title="bbox 93 2423 810 2622">
     <span class='ocr_line' id='line_1_33' title="bbox 95 2423 810 2482; baseline 0.001 -15"><span class='ocrx_word' id='word_1_216' title='bbox 95 2424 175 2467; x_wconf 86' lang='lat' dir='ltr'>Sextus</span> <span class='ocrx_word' id='word_1_217' title='bbox 188 2423 317 2481; x_wconf 81' lang='lat' dir='ltr'>Empiricus,</span> <span class='ocrx_word' id='word_1_218' title='bbox 328 2440 349 2481; x_wconf 89' lang='lat' dir='ltr'>p.</span> <span class='ocrx_word' id='word_1_219' title='bbox 359 2434 409 2480; x_wconf 77' lang='lat'><strong>259.</strong></span> <span class='ocrx_word' id='word_1_220' title='bbox 420 2424 499 2481; x_wconf 86' lang='lat' dir='ltr'>aliique</span> <span class='ocrx_word' id='word_1_221' title='bbox 513 2425 643 2468; x_wconf 89' lang='lat' dir='ltr'>recentiores</span> <span class='ocrx_word' id='word_1_222' title='bbox 659 2440 708 2467; x_wconf 86' lang='lat' dir='ltr'>cum</span> <span class='ocrx_word' id='word_1_223' title='bbox 723 2427 810 2482; x_wconf 80' lang='lat' dir='ltr'>uulgata</span> 
     </span>
     <span class='ocr_line' id='line_1_34' title="bbox 93 2494 810 2553; baseline 0 -16"><span class='ocrx_word' id='word_1_224' title='bbox 93 2510 150 2537; x_wconf 88' lang='lat' dir='ltr'>nuno</span> <span class='ocrx_word' id='word_1_225' title='bbox 165 2494 273 2552; x_wconf 89' lang='lat' dir='ltr'>scriptura</span> <span class='ocrx_word' id='word_1_226' title='bbox 288 2494 433 2544; x_wconf 86' lang='lat' dir='ltr'>consentiunt,</span> <span class='ocrx_word' id='word_1_227' title='bbox 445 2494 509 2536; x_wconf 86' lang='lat' dir='ltr'>Plato</span> <span class='ocrx_word' id='word_1_228' title='bbox 520 2510 570 2538; x_wconf 85' lang='lat' dir='ltr'>vcro</span> <span class='ocrx_word' id='word_1_229' title='bbox 582 2495 635 2552; x_wconf 82' lang='lat' dir='ltr'>Rep.</span> <span class='ocrx_word' id='word_1_230' title='bbox 647 2512 667 2553; x_wconf 79' lang='lat' dir='ltr'>p,</span> <span class='ocrx_word' id='word_1_231' title='bbox 678 2509 723 2551; x_wconf 67' lang='lat'>424</span> <span class='ocrx_word' id='word_1_232' title='bbox 734 2496 759 2538; x_wconf 80' lang='lat' dir='ltr'>B.</span> <span class='ocrx_word' id='word_1_233' title='bbox 770 2497 810 2538; x_wconf 84' lang='lat' dir='ltr'>hos</span> 
     </span>
     <span class='ocr_line' id='line_1_35' title="bbox 94 2563 421 2622; baseline -0.003 -14"><span class='ocrx_word' id='word_1_234' title='bbox 94 2580 167 2608; x_wconf 87' lang='lat' dir='ltr'>versus</span> <span class='ocrx_word' id='word_1_235' title='bbox 178 2565 209 2607; x_wconf 86' lang='lat' dir='ltr'>sic</span> <span class='ocrx_word' id='word_1_236' title='bbox 220 2565 313 2622; x_wconf 86' lang='lat' dir='ltr'>scriptos</span> <span class='ocrx_word' id='word_1_237' title='bbox 323 2563 421 2620; x_wconf 86' lang='lat' dir='ltr'>profert:</span> 
     </span>
    </p>

    <p class='ocr_par' dir='ltr' id='par_1_6' title="bbox 183 2645 700 2702">
     <span class='ocr_line' id='line_1_36' title="bbox 183 2645 700 2702; baseline -0.004 -12"><span class='ocrx_word' id='word_1_238' title='bbox 183 2647 219 2700; x_wconf 74' lang='grc' dir='ltr'>τὴν</span> <span class='ocrx_word' id='word_1_239' title='bbox 230 2653 268 2702; x_wconf 80' lang='grc' dir='ltr'>γὰρ</span> <span class='ocrx_word' id='word_1_240' title='bbox 279 2645 349 2698; x_wconf 73' lang='grc' dir='ltr'>ἀοιδὴν</span> <span class='ocrx_word' id='word_1_241' title='bbox 358 2649 439 2698; x_wconf 79' lang='grc' dir='ltr'>μᾶλλον</span> <span class='ocrx_word' id='word_1_242' title='bbox 450 2646 591 2700; x_wconf 71' lang='grc' dir='ltr'>ε’πιφρονέονσ7</span> <span class='ocrx_word' id='word_1_243' title='bbox 601 2648 700 2699; x_wconf 81' lang='grc' dir='ltr'>ἄνθρωποι</span> 
     </span>
    </p>

    <p class='ocr_par' dir='ltr' id='par_1_7' title="bbox 181 2714 615 2770">
     <span class='ocr_line' id='line_1_37' title="bbox 181 2714 615 2770; baseline 0.002 -13"><span class='ocrx_word' id='word_1_244' title='bbox 181 2717 224 2769; x_wconf 78' lang='grc' dir='ltr'>ἥτις</span> <span class='ocrx_word' id='word_1_245' title='bbox 235 2716 361 2758; x_wconf 81' lang='grc' dir='ltr'>ἀειδόντεσσι</span> <span class='ocrx_word' id='word_1_246' title='bbox 373 2714 460 2768; x_wconf 76' lang='grc' dir='ltr'>νεωτάτη</span> <span class='ocrx_word' id='word_1_247' title='bbox 471 2717 615 2770; x_wconf 73' lang='grc' dir='ltr'>ἀμφιπέληται,</span> 
     </span>
    </p>
   </div>
   <div class='ocr_carea' id='block_1_4' title="bbox 95 2802 809 2860">
    <p class='ocr_par' dir='ltr' id='par_1_8' title="bbox 95 2802 809 2860">
     <span class='ocr_line' id='line_1_38' title="bbox 95 2802 809 2860; baseline 0.004 -17"><span class='ocrx_word' id='word_1_248' title='bbox 95 2817 137 2858; x_wconf 86' lang='lat' dir='ltr'>qua</span> <span class='ocrx_word' id='word_1_249' title='bbox 153 2802 245 2845; x_wconf 88' lang='lat' dir='ltr'>lectione</span> <span class='ocrx_word' id='word_1_250' title='bbox 260 2802 358 2859; x_wconf 86' lang='lat' dir='ltr'>ineptum</span> <span class='ocrx_word' id='word_1_251' title='bbox 374 2802 425 2844; x_wconf 88' lang='lat' dir='ltr'>illud</span> <span class='ocrx_word' id='word_1_252' title='bbox 443 2804 573 2854; x_wconf 75' lang='grc' dir='ltr'>ἐπικλείουσι,</span> <span class='ocrx_word' id='word_1_253' title='bbox 590 2803 667 2859; x_wconf 88' lang='lat' dir='ltr'>inquo</span> <span class='ocrx_word' id='word_1_254' title='bbox 683 2803 809 2860; x_wconf 86' lang='lat' dir='ltr'>explicando</span> 
     </span>
    </p>
   </div>
   <div class='ocr_carea' id='block_1_5' title="bbox 0 0 972 3053">
    <p class='ocr_par' dir='ltr' id='par_1_9' title="bbox 0 0 972 3053">
     <span class='ocr_line' id='line_1_39' title="bbox 0 0 972 3053; baseline 0 0"><span class='ocrx_word' id='word_1_255' title='bbox 0 0 972 3053; x_wconf 95' lang='lat' dir='ltr'> </span> 
     </span>
    </p>
   </div>
  </div>
 </body>
</html>
