1936 3053
130 135 174 163 xxx
392 123 587 168 PRAEFATIO.

130 248 173 290 que
183 247 223 289 pro
233 233 326 287 βιβάντα
336 234 364 278 ab
377 234 471 279 librariis
484 236 575 279 illatum.
607 236 725 280 Praesentis
737 241 760 280 et
770 236 847 294 imper-

130 303 182 346 fecti
202 306 256 360 βιβᾷ
276 308 299 347 ct
320 305 428 359 ἐβίβασκε,
449 322 542 363 quornm
566 310 667 350 neutrum
692 307 715 349 in
735 307 804 350 Iliade
825 311 848 350 et

131 373 231 430 Odyssea
248 374 334 433 legitur,
354 376 453 433 exempla
470 377 559 419 suntin
577 376 672 434 Hymnis
688 376 810 420 Homericis
824 377 848 420 in

133 443 229 486 Mercur.
241 456 268 488 22
270 454 291 501 5.
302 447 325 487 et
334 443 357 486 in
367 444 439 501 Apoll.
450 457 497 502 133.
527 443 607 487 Tertiae
622 459 720 502 personae
734 444 848 502 praesentis

131 515 218 568 βίβαντι
232 514 355 572 exemplum
364 518 398 557 est
408 514 431 556 in
441 528 504 557 versu
515 513 623 557 Laconico
636 515 694 571 apud
705 514 816 558 Pollucem
825 528 848 568 4,

134 597 182 627 102.
193 585 245 639 χίλι’
257 583 332 627 άποκα
345 583 436 638 βίβαντι,
448 598 540 640 quacum
554 583 634 627 similes
649 584 758 642 quasdam·
766 585 848 629 formas

132 653 266 711 comparavit
276 654 370 697 Ahrens.
382 654 409 696 de
420 654 470 697 dial.
482 654 536 696 Dor.
548 669 570 711 p.
578 666 629 710 312.
661 654 704 697 Sed
714 655 848 711 probabilius

131 729 166 768 est
180 725 260 779 βίβατι,
277 724 334 781 qued
349 724 473 767 Meinekius
490 724 593 767 restituit.
626 725 686 768 Male
701 725 743 768 hoc
758 726 848 769 verbum

132 795 238 851 AEschylo
254 794 329 837 intulit
340 795 464 852 Stephanus
479 795 543 837 Eum.
554 805 588 851 79.
600 795 681 852 scripto
694 800 794 849 βιβῶντα,
807 812 848 852 pro

130 869 228 919 βεβῶντα
238 865 296 921 quod
307 868 340 907 est
350 865 372 907 in
388 865 468 917 codice,
481 870 609 923 corruptum
624 880 651 907 ex
665 868 756 919 βεβῶτα,
767 869 793 908 ut
803 866 848 909 ani-

131 936 296 978 madverterunt
306 935 347 978 alii.
369 935 453 978 Eadem
464 935 577 992 compositi
588 935 690 991 προβιβάς
698 934 730 977 vel
740 940 848 990 προβιβῶν

130 1004 188 1047 ratio
199 1009 246 1047 est:
263 1005 324 1061 cujus
338 1005 423 1048 dativus
436 1010 562 1060 προβιβῶντι
575 1005 634 1062 apud
645 1004 809 1048 Christodorum
824 1006 847 1048 iu

131 1072 239 1131 Ecphrasi
250 1089 269 1116 v.
280 1085 302 1131 5.
313 1074 383 1117 minus
394 1074 472 1117 dubius
482 1079 516 1118 est
529 1090 594 1132 quam
609 1078 716 1130 προβιβῶν
725 1074 748 1117 in
759 1074 847 1132 Hymno

131 1142 250 1186 Homerico
260 1144 283 1186 iu
294 1145 390 1187 Mercnr.
399 1159 447 1202 149.
458 1145 497 1198 ἧκα
507 1147 568 1187 ποσὶν
578 1148 693 1199 προβιβῶν.
723 1145 791 1201 Apud
801 1147 847 1188 Ho-

130 1228 214 1257 merum
224 1228 281 1267 verc,
292 1213 330 1256 ubi
340 1215 404 1271 vulgo
420 1219 560 1270 προβιβῶντος
574 1218 701 1268 προβιβῶντι
716 1219 848 1269 προβιβῶντα

130 1283 153 1326 in
163 1284 190 1326 ll.
202 1298 234 1342 13,
247 1283 295 1338 807.
313 1285 346 1336 16,
358 1285 408 1340 609.
424 1283 465 1326 Od.
477 1297 510 1339 15,
521 1297 580 1341 554„
591 1298 635 1325 non
648 1282 738 1325 dubium
751 1287 785 1326 est
796 1284 848 1340 quin

130 1355 269 1409 προβιβῶντος
288 1353 412 1408 προβιβάυτι
432 1353 563 1408 προβιβάντα
582 1358 641 1396 recte
662 1353 772 1410 scripserit
791 1353 847 1397 Bek-

130 1425 202 1474 kerus,
219 1439 285 1482 quum
303 1424 459 1467 nominativum
476 1423 580 1479 προβιβάς
596 1423 704 1466 intactum
720 1423 847 1481 reliquerint

127 1494 214 1538 librarii
225 1495 250 1537 ll.
261 1495 393 1552 13,18.158.
405 1495 447 1537 Od.
457 1505 490 1551 17,
502 1506 536 1549 27.
580 1523 582 1526 ι
631 1502 633 1505 ’

463 1622 517 1665 Vll.

162 1720 183 1763 3,
195 1719 245 1759 240.
261 1704 273 1758 ἢ
289 1706 352 1759 δεύρω
367 1705 406 1757 μὲν
422 1703 531 1761 ἕποντο-]
549 1703 690 1747 Scribebatur
707 1706 772 1758 δεῦρο,
790 1704 848 1760 quod

129 1775 177 1832 jam
191 1775 214 1817 in
230 1774 324 1817 editione
338 1773 409 1831 prima
421 1773 504 1817 correxi
515 1788 542 1816 ex
553 1773 680 1816 Herodiano
691 1773 736 1827 περὶ
749 1773 848 1828 μονήρονς

132 1845 206 1899 λέξεως
220 1861 240 1902 p.
254 1846 287 1896 26,
298 1858 333 1901 33.
346 1843 382 1886 ubi
396 1844 428 1886 sic
441 1843 522 1894 scribit,
534 1844 601 1886 Οὐδὲν
612 1845 640 1887 εἷς
654 1847 665 1884 ὀ
680 1843 740 1897 λήγει
751 1843 848 1896 ἐπίρρημα

132 1917 182 1970 ὑπὲρ
191 1917 239 1968 μίαν
250 1913 366 1967 συλλαβὴν,
378 1914 433 1955 ἀλλὰ
447 1915 511 1966 μόνον
523 1914 545 1956 τὸ
562 1915 626 1967 δεῦρο,
639 1913 688 1967 ὅπερ
704 1913 779 1966 εἴρηται
793 1914 848 1966 παρὰ

132 1986 159 2043 τῷ
174 1985 246 2043 ποιητῇ
262 1983 317 2036 ἅπαξ
331 1986 373 2026 κατ’
384 1982 492 2025 ἐτέκτασιν
506 1984 536 2027 εἰς
550 1990 567 2024 οἳ
577 1984 599 2024 ἐν
614 1985 640 2039 τῷ
653 1981 685 2035 “ly
700 1983 762 2036 δεύρω
777 1982 815 2034 μὲν
829 1981 848 2024 ἕ-

131 2053 214 2098 ποντο·”
231 2057 363 2109 παραιτοῦμαι
380 2055 418 2109 γὰρ
434 2053 470 2106 τὴν
486 2052 584 2108 διάφορον
599 2052 723 2107 ἀνάγνωσιν.
754 2050 789 2093 Ex
804 2064 847 2092 uno

131 2126 173 2168 hcc
183 2126 230 2169 loco
242 2124 333 2167 Homeri
343 2139 387 2167 non
398 2124 468 2167 solum
477 2123 550 2181 glossa
560 2121 672 2179 Hesychii‚
683 2136 727 2179 qua
736 2121 798 2175 δεύρω
809 2134 848 2177 per

131 2200 189 2251 δεῦρο
200 2195 327 2253 explicatur,
338 2195 375 2237 sed
387 2194 455 2236 etiam
469 2196 575 2250 quattuor
590 2192 681 2235 aliorum
696 2190 847 2249 grammatico-

130 2282 180 2308 rum
195 2264 318 2308 notationes
331 2268 408 2306 sumtae
421 2267 478 2312 sunt,
490 2261 626 2318 Epimerism.
638 2261 704 2305 Hom.
715 2261 738 2303 in
750 2258 847 2303 Crameri
867 2279 872 2285 .

132 2335 216 2378 Anecd.
228 2334 298 2376 exon.
309 2333 350 2375 vol.
359 2347 378 2375 1.
388 2347 410 2389 p.
420 2333 468 2383 118,
480 2346 519 2388 15„
531 2330 605 2388 Etym.
613 2331 647 2373 M.
658 2332 699 2388 258
710 2334 773 2381 extr,
786 2328 847 2371 scho-
884 2390 886 2392 .

131 2407 202 2450 liastae
217 2403 317 2461 Dionysii
333 2403 423 2445 Thracis
438 2417 458 2457 p.
471 2414 520 2459 943,
534 2414 556 2456 3,
573 2400 609 2456 qui
624 2401 647 2442 τὸ
664 2401 725 2452 δεύρω
741 2397 847 2441 ἐπέκτασιν

131 2476 236 2529 ποιητικὴν
251 2489 298 2516 esse
309 2472 369 2524 dicit,
380 2476 403 2514 et
414 2470 547 2527 Theognosti
558 2469 610 2513 Gan.
624 2486 646 2526 p.
661 2471 708 2520 116,
724 2483 744 2522 4.
760 2471 810 2524 post
821 2481 847 2509 ea

132 2561 180 2602 quae
191 2545 218 2588 de
228 2544 303 2587 formis
314 2546 372 2597 δεῦρο
383 2544 406 2583 eb
416 2540 472 2595 δευρί
480 2538 542 2591 dixit,
553 2539 652 2584 πολλάκις
665 2540 687 2581 δὲ
698 2538 730 2581 καὶ
740 2539 773 2581 διὰ
782 2554 848 2591 μετρι-

132 2616 169 2668 aba
183 2616 255 2669 χρείαν
267 2614 298 2655 καὶ
308 2614 341 2655 διδι
351 2614 387 2653 τοῦ
397 2617 419 2653 ῶ.
451 2609 495 2653 Qui
511 2609 569 2665 quod
582 2624 635 2666 soepc
649 2608 690 2651 hoc
705 2608 787 2651 lactum
801 2620 848 2649 csse

131 2684 190 2734 dicit,
202 2683 248 2741 ipse
257 2682 328 2725 finxit.
361 2680 432 2734 Quum
441 2678 520 2722 vocalis
533 2677 604 2721 brevis
615 2682 665 2720 aute
679 2676 783 2733 liquidam
798 2689 847 2732 pro-

131 2753 180 2795 duci
191 2752 266 2809 pcssit,
278 2756 303 2794 ut
313 2751 338 2794 fit
348 2750 371 2792 in
381 2753 434 2791 παλῦ
445 2749 513 2801 μείων,
526 2748 557 2790 ἐνῖ
565 2746 671 2801 μεγάροισι
686 2744 775 2801 aliisque
785 2758 847 2786 voea-

130 2822 186 2865 bulis
202 2822 260 2879 apud
277 2821 405 2870 Homerum,
422 2816 481 2860 nulla
496 2815 550 2859 satis
566 2815 637 2872 grauis
652 2829 728 2859 caussa
743 2817 791 2856 erat
808 2826 847 2854 cur
