1936 3053
364 101 569 139 SUMMARIA.
794 104 829 141 xlv

110 210 138 248 dit
148 209 246 253 odoribus,
257 214 278 246 ut
288 208 313 245 ad
323 207 441 258 sepulturam
452 208 549 258 integrum
558 207 613 245 duret
624 208 718 259 (1—39).
744 208 828 247 Achilles

109 278 203 315 advocata
218 275 311 314 concione
325 274 445 312 iracundiam
461 287 515 312 suam
531 273 635 312 abolitione
651 273 731 324 deponit
746 280 803 325 atque
818 289 828 313 e

109 344 193 395 vestigio
202 343 291 394 proelium
302 342 388 392 postulat
399 343 508 392 (40-73).
537 341 663 391 Agamemno
673 340 758 378 vicissim
768 343 828 379 confi.

108 416 160 449 tetur
175 423 259 448 errorem
275 422 338 452 suum,
351 408 408 446 simul
422 408 547 447 reconciliato
559 408 610 446 dona
623 408 679 445 offert
692 421 727 458 per
738 409 827 459 Ulyssem

107 478 195 529 legatum
209 476 317 528 promissa:
334 476 368 514 sed
382 489 449 514 eorum
463 476 495 514 ille
510 476 618 526 negligens,
631 476 701 526 quippe
714 476 783 513 ultioni
798 476 827 513 iu-

107 550 179 588 tentus,
189 544 279 595 proelium
288 556 368 594 poscere
381 544 441 581 instat
452 545 525 594 (74—1
531 553 541 594 5
544 544 573 593 3).
602 543 690 581 Tandem
702 544 785 594 denique
795 557 826 582 ce-

107 612 136 650 dit
150 612 223 662 Ulyssi,
237 611 389 661 exspectandum
406 624 448 649 esse
465 611 553 649 mouenti
568 611 614 648 dum
629 611 689 661 copiae
705 611 825 661 pranderint,

107 679 213 731 recipitque
227 692 292 717 coram
306 679 398 716 concione
408 679 459 717 dona
469 685 489 717 et
498 679 559 729 ipsam
570 678 686 723 Briseidem,
697 679 827 717 contentionis

107 759 191 790 causam,
207 759 264 796 quam
281 745 374 783 intactam
391 746 472 784 reddere
487 759 508 784 se
523 746 646 796 Agamemno
662 758 696 795 per
711 746 826 784 sacrificinm

108 813 184 863 adjurat
200 813 337 864 (154—275).
371 812 429 850 Dona
445 826 469 850 ex
488 813 565 863 publico
583 813 627 850 loco
643 812 663 849 in
682 813 825 851 tabernaculum

107 880 188 917 Achillis
203 880 352 924 transferuntur,
368 880 401 917 uhi
418 880 508 917 mulieres
522 879 634 917 Patroclum
649 886 736 930 gemunt,
752 881 826 930 etipse

108 946 171 983 denuo
181 945 298 983 lamentatur
307 946 377 990 heros;
394 946 426 995 qui
436 946 521 984 exercitu
532 946 596 983 cibum
607 946 693 996 capiente
703 947 827 996 pertinaciter

107 1012 191 1050 abstinet
200 1013 333 1064 (276—339).
356 1013 375 1050 Is
386 1012 445 1063 igitur
453 1025 464 1050 a
471 1012 562 1050 Minerva
570 1013 618 1050 coelo
627 1013 710 1050 demissa
720 1020 824 1056 recreatur,

106 1092 152 1116 mox
162 1079 217 1116 novis
227 1079 285 1116 armis
293 1079 408 1129 accingitur,
417 1092 494 1117 currum
504 1079 616 1117 conscendit
625 1080 823 1125 cumAutomedonte,

106 1151 164 1195 atque
176 1146 247 1183 auditis
257 1159 281 1183 ex
291 1146 352 1183 altero
365 1159 458 1196 equorum
468 1146 512 1184 fatis
523 1146 562 1184 suis
575 1147 668 1197 prodigus
679 1147 723 1185 vitae
733 1147 752 1184 in
763 1147 823 1185 aciem

108 1213 172 1250 educit
183 1214 317 1261 (340—424).

439 1318 484 1355 XX.

133 1402 221 1451 Utroque
236 1400 321 1438 exercitu
336 1401 430 1439 instructo
442 1401 531 1452 Juppiter
544 1402 580 1439 diis
595 1402 619 1439 ad
634 1402 737 1439 concilium
749 1403 822 1441 vocatis

104 1469 199 1519 permittit
213 1473 235 1505 ut
249 1468 328 1517 quisque
342 1468 381 1505 utri
396 1469 442 1506 velit
461 1474 567 1511 succurrat,
583 1481 607 1506 ue
624 1468 720 1506 excidium
734 1469 822 1519 Trojanis

105 1535 188 1573 Achillis
198 1534 271 1572 saevitia
281 1539 387 1572 maturetur
397 1537 490 1584 (1—30).
519 1535 550 1573 lta
559 1535 584 1573 ad
593 1535 664 1573 bellum
674 1536 822 1585 proficiscuntur

104 1601 163 1644 Juno,
178 1600 274 1644 Minerva,
290 1600 402 1650 Neptunus,
417 1601 533 1644 Mercurius,
547 1602 652 1645 Vulcanus,
667 1601 749 1640 Achivis
765 1616 821 1653 opem

104 1667 168 1710 laturi,
180 1666 271 1717 Trojanis
285 1667 346 1711 Mars,
359 1667 436 1717 Apollo,
450 1667 521 1712 Diana,
537 1668 619 1714 Latona,
634 1669 731 1714 Xanthus,
743 1670 820 1708 Venus:

104 1746 172 1770 eorum
184 1733 294 1783 ingressum
304 1733 387 1771 coelestis
397 1734 463 1783 fragor
472 1747 494 1771 ac
504 1741 577 1772 tremor
586 1741 642 1773 terrae
653 1736 774 1774 concelebrat
785 1738 817 1785 (31

105 1802 175 1850 -74).
205 1800 259 1837 Ante
275 1800 344 1837 initum
361 1801 450 1849 proelium
465 1799 538 1850 Apollo
555 1802 637 1839 AEneam
653 1803 738 1840 concitat
753 1809 821 1841 contra
843 1816 846 1820 ·

104 1865 202 1904 Achillem
213 1866 294 1904 Hectori
307 1867 424 1910 instantem3
440 1868 517 1905 interim
527 1869 553 1905 dii
565 1882 623 1907 suasu
632 1870 719 1920 Neptuni
734 1883 820 1908 seorsum

104 1933 128 1970 ab
138 1933 179 1970 acie
189 1933 292 1970 considunt
301 1935 308 1979 (
312 1941 321 1983 7
324 1945 376 1982 5-r
380 1944 391 1983 5
393 1936 423 1983 5).
448 1934 517 1971 Varias
527 1936 674 1984 provocationes
684 1936 770 1985 sequitur
780 1950 820 1974 cer-

104 2003 169 2035 tamen
180 1998 263 2035 Achillis
274 2011 318 2035 cum
327 1999 397 2040 AEuea¹
407 2011 463 2048 quem
473 2013 535 2050 regno
545 2001 697 2052 interTrojanos
706 2002 751 2039 fatis
761 2003 820 2040 desti.

104 2071 171 2102 natum
182 2065 286 2113 Neptunus
295 2077 330 2113 per
339 2066 428 2102 nebulam
440 2067 525 2115 periculo
535 2066 591 2116 eripit
602 2069 737 2118 (156-352.)
767 2070 820 2107 Hec-

103 2136 135 2169 tor
145 2131 241 2169 Achillem
257 2143 384 2180 aggressurus
399 2137 500 2169 revocatur
512 2133 535 2169 ab
546 2133 637 2183 Apolline
644 2149 648 2177 ;
665 2134 751 2173 Achilles
761 2149 819 2185 quum

103 2197 150 2234 ahos
160 2197 288 2246 Trojanorum
301 2203 343 2234 tum
358 2197 415 2234 etiam
426 2197 553 2248 Polydorum,
564 2200 635 2237 Priami
649 2201 716 2244 filium,
728 2202 820 2240 interficit

105 2263 240 2313 (353-418).
267 2263 311 2300 Jam
322 2263 426 2301 fraternum
437 2277 504 2302 necem
514 2266 589 2303 ulturus
599 2279 641 2303 cum
650 2266 727 2304 Achille
738 2281 819 2319 congre-

103 2329 155 2367 ditur
165 2329 248 2373 Hector,
260 2343 316 2379 quem
327 2330 389 2380 ipsum
398 2344 474 2381 quoque
484 2333 535 2370 nube
545 2333 684 2371 circumdatum
693 2334 764 2384 Apollo
774 2336 819 2373 sub-

103 2395 156 2433 ducit
173 2397 309 2447 (419—454).
340 2398 420 2435 Ceteros
437 2398 531 2448 Trojanos
549 2400 614 2437 dolore
633 2401 717 2450 percitus
733 2401 820 2439 Achilles

103 2463 195 2509 adoritur,
207 2476 333 2514 campumque
342 2463 394 2502 foeda
407 2469 472 2515 strage
482 2478 575 2503 caesorum
589 2472 646 2516 atque
659 2480 756 2505 armorum
767 2481 819 2505 com-

103 2530 143 2579 rlet
154 2529 290 2580 (455-503l

431 2633 487 2671 xm.

129 2712 224 2762 Trojanos
238 2714 308 2764 partim
319 2715 343 2752 ad
354 2715 426 2759 urbem,
437 2717 507 2767 partim
517 2717 536 2754 in
546 2716 649 2755 Xanthum
661 2716 818 2766 (Scamandrum)

102 2778 143 2827 agit
156 2779 250 2823 Achilles,
263 2788 282 2818 et
297 2782 362 2819 multis
377 2783 396 2819 in
410 2783 489 2821 flumine
504 2784 610 2828 trucidatis,
625 2784 726 2821 duodecim
738 2786 820 2834 juvenes

102 2842 176 2882 vinctos
186 2846 259 2884 inferiis
267 2848 350 2886 Patrocli
360 2856 424 2887 servat
432 2851 526 2899 (1-33).
557 2849 632 2888 lbidem
641 2850 758 2901 Lycaonem,
767 2850 819 2887 Pria.
