1936 3053
165 116 206 154 xliv
437 118 461 156 A.
475 119 497 158 F.
509 119 618 158 WOLFI

167 226 246 277 ancipiti
255 226 334 265 fortuna
343 225 363 263 in
374 227 449 265 diversa
462 229 593 267 contendunt:
609 228 636 266 illi
646 234 667 267 ut
677 228 761 266 Patrocli
772 241 842 278 corpus
852 229 885 266 de-

158 292 255 338 -fendant,
265 294 285 332 hi
297 300 319 332 ut
331 294 356 332 ad
367 294 471 333 ludibrium
487 296 565 334 trahant
574 296 677 346 (zoa-42
680 296 708 347 5).
737 294 818 334 Achillis
832 295 885 346 equis

168 373 234 399 casum
242 361 326 400 Patrocli
336 361 446 400 dolentibus
454 363 541 414 vigorem
550 364 614 402 reddit
622 364 717 414 luppiter,
726 376 796 413 eosque
806 363 826 400 iu
835 376 886 413 prte-

168 427 215 466 lium
223 429 299 468 reducit
307 430 431 468 Automedon
440 431 493 468 socio
501 437 599 482 assumpto
607 430 742 469 Alcimedonte
751 430 886 481 (426-483).

169 496 239 535 Statim
254 496 367 535 adoriuutur
380 510 456 535 currum
469 497 551 542 Hector,
561 499 642 543 AEneas,
653 498 690 542 alii,
701 503 722 535 ut
737 498 811 536 nobiles
826 510 886 548 equos

169 564 256 614 capiant3
272 570 292 602 at
306 564 400 614 impetum
416 577 483 603 eorum
497 564 573 603 fortiter
586 565 681 603 sustinent
694 564 772 609 Achivi,
783 565 813 614 qui
828 565 886 602 etiam

169 631 251 669 cadaver
265 637 395 681 propugnant,
409 645 468 681 quum
483 632 595 670 Menelaum
610 632 665 670 novis
678 632 750 670 viribus
764 631 832 681 implet
845 631 885 669 Mi-

168 711 234 742 nerva,
253 698 359 736 Hectorem
375 699 465 736 hortatur
480 699 557 749 Apollo,
572 708 669 737 annuente
683 699 733 737 Jove
749 699 884 749 (484-596).

168 764 255 802 Tandem
270 764 349 802 inclinat
358 763 436 802 Achiva
450 766 506 810 acies,
520 765 560 815 ipse
575 767 633 804 etiam
643 764 696 816 Ajax
706 765 832 804 Telamonius
846 773 884 804 tre·

168 832 233 881 pidat:
250 833 304 883 cujus
312 832 368 881 jussu
377 832 480 870 Menelaus
488 832 616 871 Antilochum
627 833 671 870 caesi
680 833 764 871 Patrocli
773 838 792 870 et
802 839 886 883 acceptae

169 898 229 936 cladis
243 899 333 936 nuntium
344 899 369 936 ad
379 898 476 936 Achillem
492 900 551 937 mittit
561 901 701 950 (597-701);
717 899 806 950 idemque
816 899 885 938 Mene-

168 965 211 1003 laus
225 978 270 1003 cum
285 965 375 1003 Merione
389 966 471 1003 cadaver
485 966 509 1003 ad
523 979 583 1004 naves
597 966 698 1016 deportare
714 966 777 1011 audet,
794 966 886 1004 comitatu

169 1032 230 1070 fretus
240 1032 331 1081 Ajacum,
342 1032 455 1082 ingruentes
465 1033 531 1070 hostes
542 1033 648 1071 arcentium
660 1032 794 1082 (702-761).

487 1173 563 1211 XVIII.

195 1261 281 1309 Accepto
296 1258 364 1297 nuntio
378 1259 402 1297 de
416 1272 463 1297 nece
474 1259 557 1297 Patrocli
567 1260 650 1298 Achilles
665 1259 750 1311 planctui
763 1265 783 1298 et
797 1259 886 1298 lamentis

168 1326 256 1376 indulget
266 1328 359 1374 (1-34).
389 1327 428 1364 His
440 1327 531 1364 lamentis
543 1340 568 1365 en
581 1327 629 1365 mari
643 1328 706 1366 excita
716 1327 784 1365 Thetis
797 1340 841 1364 cum
854 1340 886 1365 oo·

168 1393 225 1432 horte
234 1394 344 1431 Nereidum
354 1394 378 1431 ad
388 1393 449 1431 filium
460 1394 599 1432 consolandum
609 1395 674 1439 venit;
690 1407 746 1444 quem
757 1407 815 1444 quum
829 1393 886 1431 ulcis.

169 1461 225 1498 cendi
235 1460 327 1498 Hectoris
341 1460 486 1510 cupidissimum
496 1460 555 1503 videt,
567 1460 654 1511 quamvis
667 1462 687 1499 id
699 1460 764 1498 statim
779 1460 815 1510 ipsi
828 1459 886 1497 fatale

169 1527 256 1565 futurum
266 1527 297 1570 sit,
308 1525 417 1575 cupidinem
427 1527 468 1575 ejus
479 1527 499 1563 in
508 1532 608 1575 posterum
618 1527 669 1564 diem
679 1527 749 1570 differt,
760 1539 798 1576 quo
809 1525 826 1563 ei
835 1538 887 1563 nova

170 1593 281 1631 aVulcano
296 1592 407 1630 fabricanda
421 1605 475 1629 arma
489 1592 605 1641 perlaturam
621 1605 641 1629 se
655 1592 752 1642 promittit
765 1592 886 1641 (35—137).

170 1660 289 1699 Nereidibus
304 1660 383 1697 domum
399 1658 485 1696 remissis
499 1658 567 1696 Thetis
582 1659 606 1696 ad
621 1658 726 1709 Olympum
741 1658 825 1701 festinat,
841 1658 886 1695 dum

169 1727 258 1777 proelium
272 1731 376 1764 renovatur
386 1737 443 1775 super
453 1724 537 1762 Patrocli
547 1737 639 1775 corpore;
655 1738 693 1775 quo
703 1724 781 1762 tandem
791 1724 887 1773 potiturus

170 1800 212 1831 erat
222 1792 303 1837 Hector,
313 1791 351 1828 nisi
360 1790 448 1829 Achilles
458 1791 533 1828 monitu
542 1789 556 1827 J
558 1791 627 1828 anonis
637 1803 661 1828 ex
671 1792 722 1828 fossa
733 1789 829 1840 Trojauos
838 1791 888 1827 truci

170 1860 263 1909 adspectu
272 1870 358 1908 voceque
367 1857 474 1902 terruisset,
485 1863 504 1895 et
513 1857 610 1895 funestam
620 1857 644 1894 ad
654 1858 725 1895 moenia
734 1856 800 1907 fugam
810 1855 887 1894 fecisset

172 1927 310 1976 (138—231).
334 1925 413 1962 Interim
423 1923 494 1962 Achivi
502 1937 571 1973 corpus
579 1930 666 1974 ereptum
673 1923 797 1962 tabernaculo
805 1921 887 1960 Achillis

169 1993 255 2030 inferunt
262 1992 347 2030 instante
355 1997 413 2029 nocte
420 1991 554 2040 (πμ-242).
571 1990 723 2036 Tumultuariam
732 1989 844 2026 concionem
852 1988 886 2026 ha-

169 2060 216 2097 hent
226 2059 311 2109 Trojani‚
324 2058 393 2108 quibus
406 2058 521 2107 Polydamas
536 2058 604 2095 suadet
618 2062 640 2094 ut
655 2057 736 2094 salutem
751 2056 802 2093 intra
816 2055 887 2092 moenia

169 2131 263 2176 quaerant,
274 2138 313 2162 neu
327 2137 347 2161 se
360 2123 432 2161 Achilli
444 2124 464 2160 in
479 2123 520 2161 acie
535 2123 627 2173 objiciant
641 2121 777 2164 trucidandos;
793 2120 827 2157 sed
841 2133 886 2169 pru-

169 2192 217 2230 deus
227 2192 329 2229 consilium
340 2191 428 2240 displicet
435 2189 519 2227 Hectori
528 2194 548 2226 et
557 2189 629 2239 populo
639 2189 775 2236 (248-314).
803 2186 887 2224 Noctem

168 2258 188 2295 in
204 2258 263 2295 armis
278 2256 394 2307 pervigilant
408 2255 499 2305 Trojani:
515 2255 586 2291 Achivi
602 2260 699 2303 praeeunte
714 2252 789 2290 Achille
804 2252 887 2289 Patrocli

169 2337 236 2362 casnm
249 2323 327 2366 deflent,
341 2323 424 2360 cadaver
437 2326 505 2359 curant
517 2321 606 2370 lectoque
621 2324 740 2369 componunt
751 2321 781 2368 (31
787 2329 839 2369 5—3
843 2330 853 2369 5
857 2320 886 2370 5),

169 2391 203 2429 Ad
219 2389 330 2439 Olympum,
347 2387 379 2424 ubi
394 2386 484 2436 Juppiter
501 2386 559 2423 modo
576 2386 679 2435 conjugem
697 2385 818 2434 objurgabat,
836 2386 887 2433 quod

169 2456 268 2496 Achillem
283 2454 405 2500 concitasset,
421 2453 488 2491 eadem
504 2457 562 2490 nocte
577 2450 665 2502 pervenit
676 2450 743 2489 Thetis
756 2451 813 2500 inque
824 2450 886 2489 domo

169 2523 253 2562 Vulcani
264 2522 325 2560 amice
337 2521 432 2571 excipitur
444 2521 465 2569 (3
469 2520 586 2570 56—427);
602 2519 634 2568 qui
647 2519 664 2556 ei
678 2517 733 2556 facile
748 2523 839 2556 exoratus
854 2518 886 2555 cli-

168 2605 225 2642 peum
236 2589 306 2628 eximia
316 2594 357 2627 arte
365 2594 385 2626 et
393 2587 467 2637 reliqua
476 2600 530 2625 arma
539 2585 644 2624 fabricatur
654 2584 787 2635 (428—617l.

498 2721 555 2760 XIX.

196 2805 246 2843 Ortu
259 2803 301 2841 luce
311 2802 378 2840 Thetis
389 2801 461 2839 Achilli
475 2813 528 2839 arma
538 2799 633 2837 Vulcania
647 2799 709 2840 affert,
723 2810 804 2847 eumque
814 2797 884 2835 'rursus

167 2873 191 2910 ad
201 2870 245 2910 belli
256 2869 368 2908 societatem
378 2867 471 2919 impellit;
487 2866 570 2906 Patrocli
578 2871 642 2905 autem
651 2878 720 2916 corpus
728 2864 797 2903 divinis
807 2865 884 2914 perfun-
