1936 3053
127 153 148 196 iv
385 155 584 198 PRAEFATIO.

125 267 185 305 recte
200 262 349 315 intellexisset,
363 263 448 321 longius
459 279 524 321 quam
540 264 634 307 debebat
650 277 777 321 progressus
792 262 846 305 alios

125 333 228 390 plurimos
239 338 321 377 temere
331 340 444 392 suspectos
454 334 533 378 habuit
543 335 645 391 locosque
653 349 695 376 non
706 348 788 390 paucos
796 333 846 375 snb-

125 403 175 447 latis
188 409 259 461 poetae
271 405 343 448 verbis
354 420 419 461 quam
435 405 528 448 maxime
543 405 641 463 genuinis
656 409 679 447 et
691 404 719 447 ad
731 403 845 447 sententiae

125 474 274 533 integritatem
290 490 346 533 saepe
362 475 489 519 liecessariis
503 475 581 518 mirum
594 474 616 517 in
630 475 717 517 modum
733 481 846 518 contortos

126 546 230 589 exhibuit.
262 546 311 589 Non
329 547 413 589 minore
430 546 517 589 licentia
532 547 554 588 in
570 546 678 604 scriptura
694 546 845 589 constituenda

126 623 224 661 versatus
232 622 272 668 est,
280 633 344 675 quam
353 617 470 674 saepissime
480 617 513 660 ita
523 617 662 674 interpolavit
674 622 699 659 ut
708 632 785 674 parum
797 617 846 659 sub-

127 688 159 732 tili
174 687 278 730 sermonis
290 687 401 730 Homerici
413 687 536 744 cognitione
552 687 659 730 imbutum
674 687 798 730 6111111666
809 702 846 744 pu-

127 764 180 803 teat.
212 759 273 802 Licet
288 759 355 816 igitur
370 759 439 801 multa
449 759 471 800 in
482 758 596 801 Zenodoto
607 758 785 815 reprehendenda
795 757 845 809 sint,

127 844 190 872 nemo
209 835 282 873 tamen
299 835 345 872 tarn
362 829 447 887 iniquus
463 828 505 871 erit
521 828 557 885 qui
574 828 625 871 ritio
644 829 663 870 ei
679 829 752 871 omniu
766 833 846 880 vertat,

129 915 176 957 quae
187 915 267 958 inagna
277 915 304 942 ex
314 906 376 957 parte
389 900 443 942 artis
455 900 535 942 criticae
546 905 568 942 et
579 899 729 956 grarnnraticae
740 914 788 955 quae
799 904 846 942 tum

128 975 175 1014 erat
186 971 284 1014 infantiae
295 971 423 1028 imputanda
434 976 491 1013 sunt.

157 1041 273 1084 Proximus
289 1047 340 1098 post
351 1041 488 1083 Zenodotmn
504 1056 564 1083 norae
580 1040 710 1083 recensionis
724 1044 801 1083 auctor
811 1055 846 1083 ex-

127 1111 185 1154 stitit
205 1112 364 1169 Aristophanes
383 1112 509 1167 Byzantius,
527 1112 563 1169 qni
582 1111 689 1154 Zenodoti
709 1111 846 1154 institutione

126 1195 178 1223 usus
196 1187 281 1223 inature
299 1183 321 1223 in
340 1183 471 1224 carminibus
487 1181 611 1224 Homericis
628 1185 650 1223 61
668 1181 807 1223 emendandis
824 1187 846 1224 et

126 1251 258 1308 explicandis
269 1252 393 1294 elaborasse
403 1252 495 1294 ridetur.
520 1252 542 1294 Is
553 1253 581 1295 ab
594 1250 702 1294 Zenodoti
714 1251 800 1308 quidem
811 1267 847 1295 ex-

126 1322 196 1378 emplo
209 1322 326 1378 profectus,
338 1323 376 1364 sed
388 1323 456 1366 multo
468 1337 533 1380 quarn
543 1321 579 1364 ille
590 1321 687 1364 sobriore
699 1321 781 1378 judicio
796 1338 846 1365 usus

127 1391 275 1448 doctrinaeque
287 1391 355 1448 copiis
370 1391 433 1449 longe
449 1390 590 1448 amplioribus
606 1391 726 1434 instructus
742 1391 768 1433 de
782 1392 847 1435 rebus

126 1460 223 1517 plurimis
233 1461 314 1504 rectius
324 1477 389 1518 quam
398 1462 523 1504 Zenodotus
532 1461 644 1519 judicavit,
653 1461 753 1518 viamque
761 1462 790 1505 ad
798 1478 846 1506 eam

128 1530 205 1572 horum
221 1531 340 1573 carminum
355 1531 509 1574 tractationem
524 1531 655 1588 praepararit
671 1546 736 1588 quam
751 1536 847 1589 postmo-

128 1600 180 1641 dum
191 1600 332 1643 Aristarchus
344 1601 506 1644 Saniothracius
517 1602 544 1644 ud
555 1601 710 1658 perfectionem
721 1601 789 1644 multo
802 1617 847 1645 ma-

126 1671 197 1725 jorem
207 1670 304 1712 adduxit.
336 1671 382 1724 Quo
393 1672 474 1714 factum
485 1677 554 1714 estut
565 1671 672 1714 Zenodoti
684 1676 706 1714 et
717 1672 846 1729 Aristopha-

128 1740 161 1781 nis
177 1740 412 1798 grammaticorumque
423 1742 459 1798 qui
474 1742 552 1784 horum
567 1742 722 1784 auctoritatem
737 1743 805 1785 secuti
815 1758 847 1785 es-

129 1814 178 1853 sent
195 1810 298 1853 memoria
316 1812 385 1868 magis
405 1812 516 1869 magisque
534 1814 693 1864 obscuraretur,
711 1827 750 1855 nec
769 1813 847 1857 Crates

129 1879 284 1938 Pergamenus,
296 1881 414 1924 acerrimus
425 1881 547 1925 Aristarchi
557 1882 695 1925 adversarius
706 1889 728 1924 et
738 1882 785 1939 ipse
796 1899 847 1940 qno-

129 1966 170 2007 que
184 1966 245 1993 norae
257 1951 386 1994 recensionis
402 1957 484 2006 auctor,
496 1952 615 2003 audiretur,
627 1953 665 1995 sed
676 1952 799 1995 Aristarchi
814 1969 847 1996 re-

128 2021 200 2063 censio
215 2021 355 2078 plurimarum
367 2022 460 2065 aliarum
471 2022 589 2065 editionum
602 2024 767 2065 fundamentum
777 2024 846 2074 fieret,

129 2106 220 2148 quarum
236 2097 335 2134 auctores
346 2107 411 2149 quum
428 2094 508 2149 partim
521 2093 645 2136 Aristarchi
661 2093 742 2150 partim
755 2093 847 2136 aliorum

127 2162 160 2205 rel
178 2177 240 2204 suurn
259 2163 354 2219 ipsorum
370 2163 475 2220 judicium
493 2168 641 2220 sequerentur,
658 2164 733 2221 ingens
749 2167 798 2205 orta
813 2168 846 2205 est

127 2232 235 2274 variarum
250 2233 367 2275 lectionum
381 2234 450 2291 copia,
463 2249 527 2290 quam
542 2249 569 2276 ne
584 2233 692 2290 integram
703 2232 796 2289 quidem,
808 2232 846 2274 sed

126 2302 223 2359 plurimis
241 2304 340 2359 partibus
358 2304 465 2346 defectam
484 2319 510 2346 ex
529 2302 694 2345 scholiastarum
712 2301 846 2356 aliorumque

126 2373 317 2429 graimnaticorum
332 2373 480 2416 notationibus
491 2372 602 2430 cognitam
612 2371 724 2413 habemus.
756 2370 790 2412 De
800 2369 846 2426 qui-

125 2442 166 2485 bus
182 2457 248 2500 quum
264 2442 286 2484 in
304 2443 435 2485 scholiorum
453 2442 549 2484 editione
566 2440 639 2498 potins
657 2454 722 2496 quam
739 2439 780 2480 hoc
798 2439 845 2481 loco

126 2512 240 2554 dicendum
256 2512 290 2563 sit,
308 2528 350 2554 non
367 2512 443 2554 imrtile
456 2516 529 2553 tamen
542 2512 588 2552 fore
603 2510 678 2566 putavi
694 2508 743 2560 huic
756 2507 845 2550 editioni

125 2582 213 2624 brevem
231 2582 337 2638 subjicere
355 2581 473 2623 lectionum
492 2580 576 2622 illarum
596 2583 741 2635 conspectum,
757 2592 784 2619 ex
803 2592 845 2634 quo

126 2651 259 2693 commodius
275 2666 339 2708 quam
355 2666 380 2691 ex
398 2649 475 2706 amplis
491 2648 523 2691 rel
539 2653 636 2689 veterum
653 2646 846 2704 grammaticorum

125 2721 158 2762 vel
176 2722 319 2763 recentiorum
339 2721 447 2762 editorum
462 2717 623 2761 commentariis
638 2715 781 2773 perspicietur
794 2715 845 2773 quid

126 2796 209 2833 veteres
228 2791 297 2832 critici
314 2796 353 2832 aut
372 2789 515 2845 praestiterint
533 2792 571 2830 aut
591 2802 634 2829 non
655 2786 804 2843 praestiterint,
824 2792 846 2828 et

127 2864 262 2914 quantopere
271 2858 412 2900 Aristarchus
420 2857 510 2913 judicio,
520 2856 618 2899 doctrina
627 2861 649 2898 et
657 2855 733 2899 subtili
742 2855 845 2898 sermonis
