1936 3053
129 101 180 144 νυκτὶ
392 100 584 144 PRAEFATIO.

130 211 153 254 in
168 210 253 254 casibus
270 223 361 268 quornm
376 208 433 253 ratio
449 209 524 253 eadem
539 214 572 252 est
582 207 726 266 reperiuntur,
738 208 798 252 velut
809 208 846 252 da

129 280 180 325 tivis
191 282 259 338 Αἰόλῳ
269 280 324 338 Ἰλίῳ
335 281 404 337 Ἰφίτῳ
420 280 482 337 ἀγρίῳ
498 279 583 336 ἀνεψιῷ,
596 282 636 322 aut
648 277 748 336 genitivis
763 278 847 321 numeri

130 349 220 408 pluralis
236 350 312 405 ἀγρίων
327 350 420 405 ἀνεψιῶν
433 353 456 392 et
468 348 516 392 aliis
529 347 646 404 quibusvis.
678 347 714 390 Ex
730 362 772 405 qno
788 353 847 392 recte

130 419 239 477 colligitur
249 433 384 462 communem
397 417 449 461 locis
464 417 505 461 illis
519 417 618 460 omnibns
635 417 686 460 olim
696 417 762 461 fuisse
773 419 848 462 termi-

130 489 243 532 nationem
252 489 274 531 in
285 490 309 531 οῦ
318 488 417 540 solutam,
430 489 513 537 Αἰόλου,
525 489 609 543 Ἰφίτου,
621 489 708 541 ἀνεψιάο
718 493 742 531 et
752 488 846 546 reliquis,

130 574 187 615 quae
202 559 276 602 formae
292 573 358 615 quum
372 558 457 616 pridem
475 572 503 600 ex
520 558 629 600 codicibus
645 558 787 612 evanuissent,
803 574 847 601 non

131 628 254 671 mirandum
264 632 298 671 est
309 627 414 682 Quintum
429 626 563 684 Smymaeum
577 628 693 670 Homerico
708 628 744 670 illc
760 630 847 684 ἀνεψιοῦ

130 698 251 749 inductum,
263 697 323 754 cujus
338 697 421 754 syllaba
436 697 557 753 penultima
571 697 662 754 produci
671 698 789 749 videretur,
801 700 845 741 ἀνε-

130 772 189 821 ψιοΐο
200 767 282 824 syllaba
292 767 464 824 antepenultima
474 767 581 824 producta
592 767 672 809 dixisse
682 782 703 824 3,
715 778 765 826 295.

220 872 331 927 ἀχνύμενος
342 870 389 925 κέαρ
401 870 460 913 ἔνδον
471 871 566 925 ἀνεψιοῦο
578 869 679 924 δαμέντος,

131 974 191 1030 quod
198 974 221 1016 in
228 974 302 1016 codice
308 973 471 1017 Vindobonensi
480 974 586 1027 ἀνεψειοΐο
594 973 700 1030 scriptum
708 979 748 1017 est.
773 975 848 1018 Minus

132 1048 193 1086 certa
208 1044 255 1086 haec
270 1042 395 1085 terminatio
411 1042 481 1085 tribus
496 1043 545 1085 aliis
560 1043 582 1084 in
597 1043 697 1100 genitivis
707 1059 753 1086 esse
765 1044 849 1087 videtur

132 1126 187 1167 quos
202 1113 324 1155 Ahrensius
340 1113 382 1155 lruc
398 1114 491 1165 rettulit,
510 1115 629 1167 ἀδελφειοῦ,
647 1115 712 1156 ἀλαοῦ
726 1119 749 1156 et
765 1114 848 1168 ὁμοιΐου,

132 1196 224 1237 quornm
239 1183 321 1238 primus
338 1187 416 1239 quater
431 1183 511 1240 legitur
526 1183 585 1239 apud
601 1183 723 1226 Homerum
739 1184 762 1225 in
777 1184 848 1226 verbis

132 1252 243 1305 ἀδελφειοῦ
258 1252 362 1306 κταμένοιο
379 1252 404 1295 ΙΙ.
414 1262 490 1309 5,21.‚
507 1254 616 1307 ἀδελφειοῦ
631 1252 707 1306 φρένας
717 1253 769 1307 ἥρως
780 1255 800 1303 6,
813 1255 847 1295 61.

133 1330 210 1374 7‚120.
223 1322 321 1377 13‚788.,
335 1322 441 1364 secundus
454 1322 538 1364 duobus
553 1321 574 1363 in
587 1321 684 1364 versibus
699 1322 802 1378 Odysseae
815 1335 848 1372 ιο,

131 1402 183 1445 493.
196 1393 219 1431 et
232 1402 264 1440 ιο,
277 1391 326 1446 267.

221 1486 302 1541 psterior
313 1489 385 1537 ἀλαοῦ,
396 1492 454 1531 τοῦτε
464 1488 537 1543 φρένες
547 1490 630 1543 ἔμπεδοί
640 1491 698 1532 εἰσιν.

221 1555 304 1608 μάντιος
314 1557 385 1607 ἀλαοῦ,
397 1558 491 1608 Θηβαίου
501 1559 616 1611 Τειρεσίαο.

133 1652 212 1695 tertius
223 1652 315 1709 denique
325 1652 347 1694 in
357 1652 428 1695 verbis
439 1652 516 1706 ὁμοιΐου
526 1653 630 1706 πολέμοιο,
642 1652 720 1710 quibus
730 1668 768 1696 sex
776 1668 849 1696 versus

134 1721 209 1765 Iliadis
237 1722 322 1778 ducque
350 1722 451 1779 Odysseae
476 1723 628 1767 terminantur.
669 1723 753 1766 Verum
780 1724 850 1767 forma

133 1792 248 1845 ἀδελφειός,
263 1806 306 1849 qua
323 1791 371 1834 aliis
387 1792 453 1835 etiam
468 1792 490 1834 in
506 1792 592 1836 casibus
608 1792 736 1849 Apollonius
751 1792 849 1835 Rhodius

132 1859 212 1916 aliique
222 1864 292 1916 poetae
302 1859 433 1902 recentiores
443 1861 476 1903 usi
488 1865 546 1911 sunt,
558 1861 611 1903 nihil
626 1876 708 1904 caussae
722 1865 756 1904 est
769 1876 806 1903 cur
821 1863 849 1904 ab

134 1928 232 1972 Homero
250 1929 321 1972 aliena
338 1941 389 1972 esse·
399 1930 511 1986 judicetur
527 1934 549 1972 et
567 1932 668 1985 ἀδελφεόο
684 1945 724 1987 pro
741 1928 851 1985 ἀδελφειοῦ

133 1997 247 2040 scribatur.
279 1997 352 2040 Nihilo
367 1998 501 2055 probabilius
516 2004 550 2041 est
561 1999 644 2053 μάντιος
659 2001 730 2050 ἀλαόο,
744 2000 850 2056 producto

133 2068 205 2111 altero
220 2086 231 2110 o
247 2083 291 2110 non
306 2068 329 2110 in
347 2069 390 2111 arsi
408 2069 490 2126 dactyli
505 2074 531 2111 ut
548 2069 571 2111 in
587 2069 711 2122 Ἀσκληπιόο
729 2070 764 2111 δύο
784 2071 850 2120 παῖδε,

133 2139 172 2181 sed
183 2137 241 2195 qnod
255 2138 324 2180 multo
336 2138 410 2180 durius
426 2144 460 2181 est
474 2139 497 2180 in
510 2139 555 2182 arsi
570 2138 666 2196 spondei,
682 2138 733 2181 licet
746 2138 788 2179 hoc
798 2152 850 2194 quo

134 2222 176 2265 qne
196 2222 239 2250 uno
257 2207 370 2263 alteroque
386 2208 483 2264 exemplo
500 2207 586 2250 defendi
606 2206 683 2264 possit,
701 2206 760 2249 velut
779 2206 850 2262 ll.15,

135 2289 185 2332 271,

223 2336 242 2377 οἱ
252 2335 270 2376 δ’
280 2334 328 2376 ὥστ’
339 2333 352 2387 ἢ
366 2338 445 2389 ἔλαφον
457 2335 529 2389 κεραὸν
539 2333 551 2387 ἦ
562 2335 632 2389 ἄγριον
643 2334 697 2389 αἶγα.

134 2438 215 2495 Itaque
228 2437 315 2495 praetuli
330 2437 418 2490 μάντηος
432 2438 503 2488 ἀλαοῦ,
515 2438 573 2493 quod
585 2437 725 2479 Hermannns
739 2434 851 2493 proposuit

134 2506 158 2549 in
174 2507 242 2551 Elem.
262 2508 331 2550 doctr.
348 2510 411 2549 metr.
430 2522 451 2563 p.
468 2517 526 2564 347.7
545 2506 724 2563 quemadmodum
742 2505 851 2547 Homerus

135 2591 180 2619 non
190 2577 259 2619 solum
268 2578 345 2628 πόλιος,
357 2577 395 2619 sed
406 2575 473 2619 etiam
482 2577 558 2629 πόληος
569 2575 630 2618 dixit.
651 2576 750 2618 Tertium
760 2574 852 2630 denique

135 2646 189 2688 illud
209 2645 285 2700 ὁμοιΐου
305 2645 404 2699 πολέμοιο
425 2645 467 2688 etsi
486 2660 531 2687 non
550 2659 627 2702 negem
648 2644 723 2698 ὁμοιΐου
743 2643 851 2696 πτολέμοιο

135 2715 201 2758 scribi
217 2716 321 2773 potuisse,
340 2720 414 2759 tamen
432 2730 499 2772 quum
518 2715 547 2758 ad
564 2714 765 2772 pronunciationem
782 2713 852 2756 minus

136 2787 273 2828 commodum
284 2786 319 2838 sit,
327 2786 374 2828 fieri
384 2790 458 2842 potest
467 2792 493 2828 ut
503 2789 568 2842 poeta
579 2784 656 2838 ὁμοιΐου
664 2784 761 2838 πολέμοιο
772 2786 852 2840 praetu-
