1936 3053
363 79 560 124 remunero.
640 46 647 53 ⁶
749 80 817 124 xxxiii

100 190 140 236 lat,
151 206 172 248 p.
181 190 232 235 lxvi.
258 188 315 234 Nam
325 189 463 233 omissionem
473 190 584 247 augmenti
595 204 622 232 ex
632 203 702 247 prosae
713 190 817 233 orationis

100 261 246 304 monumentis
263 276 311 317 quae
331 265 447 318 supersunt
463 259 544 317 liquido
561 264 696 317 compertum
713 259 818 302 habemus

100 346 170 388 neque
181 331 260 374 lonicae
274 345 343 388 neque
355 330 418 373 ullius
429 329 483 373 alius
494 329 581 374 dialecti
591 329 708 388 propria-m,
720 330 756 372 sed
768 344 818 386 poe-

100 400 130 443 tis
146 400 202 454 solis,
220 416 347 458 quacunque
363 400 456 443 dialecto
470 404 591 452 uterentur,
608 414 732 443 concessam
746 400 817 452 fuisse,

101 476 138 532 qui
148 476 189 520 bac
199 476 300 520 libertate
314 480 404 534 propter
414 476 516 519 metricas
529 476 625 519 rationes
636 475 754 533 saepissime
764 492 818 534 opus

100 546 213 590 haberent.
244 547 279 590 Ex
291 562 334 605 quo
349 547 448 604 sequitur
463 551 603 604 augmentum
620 552 642 590 et
657 546 784 603 syllabioum
797 551 819 589 et

43 674 46 678 ⁸
100 618 226 675 temporale,
237 623 263 661 ut
273 622 376 662 constans
387 619 432 676 ejus
443 622 477 660 est
492 618 514 659 in
529 633 594 675 prosa
604 618 703 661 oratioue
718 633 776 671 usus,
787 616 819 661 ita

100 703 127 731 ne
142 688 165 731 in
180 694 295 746 poetarum
306 689 392 747 quidem
407 688 493 745 scriptis
508 704 600 746 usquam
611 704 657 732 esse
668 689 818 739 omittendum,

100 759 142 802 uisi
162 759 199 803 ubi
220 759 335 803 omittendi
357 759 414 803 ratio
434 758 512 802 idonea
529 760 590 802 reddi
606 760 682 818 possit¹
714 760 819 803 Rationes

100 834 175 873 autem
193 831 309 874 omittendi
327 830 398 888 poetis
416 830 483 888 epicis
502 831 622 888 ceterisque
641 831 677 889 qui
694 835 764 874 metro
782 831 819 874 he-

100 900 160 944 roico
175 905 198 944 ct
211 901 305 961 elegiaco
320 902 353 944 usi
367 906 417 944 sunt
430 900 500 958 poetis
515 906 560 944 tres
575 901 710 958 potissimum
724 901 817 945 fuerunt.

102 971 184 1014 Earum
202 973 272 1029 prima
288 973 310 1014 iu
331 972 395 1015 metri
412 972 541 1015 necessitate
560 973 662 1025 cernitur,
677 973 735 1015 velut
753 987 819 1030 quum

101 1041 210 1085 Homerus
220 1046 255 1096 βῆ,
267 1043 341 1097 βάλλε,
354 1044 440 1094 καίοντο,
456 1042 525 1096 κήδετο
540 1042 595 1085 dixit
611 1043 647 1086 ubi
664 1048 756 1085 metrum
773 1043 816 1096 ἔβη,

101 1113 187 1167 ἔβαλλε,
200 1116 298 1166 ἐκαίοντο,
311 1114 391 1167 ἐκήδετα
402 1129 445 1157 non
456 1115 529 1165 ferret,

158 1187 187 1238 βῆ
198 1183 214 1227 δ’
226 1184 289 1227 ἀκέων
300 1187 354 1235 παρὰ
365 1188 412 1226 θῖνα
421 1184 588 1240 πολυφλοίσβοιο
600 1186 712 1237 θαλάσσης,

159 1253 229 1306 βάλλ’·
246 1254 284 1296 αἰεὶ
295 1256 317 1296 δὲ
327 1255 387 1308 πυραὶ
398 1255 473 1297 νεκύων
484 1256 564 1297 καίοντο
575 1256 661 1308 θαμειαί.

159 1324 228 1377 κήδετο
239 1326 277 1378 γὰρ
289 1328 384 1375 Δαναῶν,
396 1325 427 1366 ὅτι
437 1325 462 1378 ῥα
473 1324 597 1376 θνήσκοντας
608 1325 673 1377 ὁρᾶτο.

100 1394 200 1437 Secunda
216 1393 274 1436 ratio
292 1394 314 1436 iu
332 1395 439 1452 elegantia
457 1395 521 1437 metri
538 1395 610 1451 posita
626 1399 665 1445 est,
676 1394 735 1437 velut
751 1410 817 1451 quum

99 1468 239 1521 augmentum
250 1463 375 1520 syllabicum
383 1469 422 1507 aut
430 1478 518 1507 caesurae
530 1479 607 1507 caussa
618 1464 733 1516 omittitur,
743 1469 782 1507 aut
792 1472 818 1508 ut

100 1534 235 1591 dactylorum
242 1533 364 1577 volubilitas
375 1535 475 1591 spondeis
486 1534 620 1592 interpositis
631 1539 771 1592 temperetur,
778 1541 817 1578 alit

100 1604 213 1662 euphoniae
225 1619 307 1654 caussa,
319 1604 353 1646 cui
367 1604 482 1661 plurimum
494 1606 635 1648 tribuendum
650 1605 672 1647 in
687 1605 817 1649 carminibus

100 1676 130 1718 ad
140 1674 290 1717 recitationem
301 1674 450 1732 compositae:
467 1676 493 1718 de
504 1691 546 1734 qno
556 1690 634 1733 genere
645 1676 718 1719 multa
730 1682 817 1719 exstant

100 1750 123 1790 et
133 1750 230 1789 veterum
241 1750 263 1788 et
273 1745 417 1788 recentiorum
428 1746 588 1789 observationes
602 1746 682 1803 partim
693 1751 758 1789 certae
768 1763 817 1804 par-

100 1817 141 1858 tim
157 1815 329 1859 dubitationibus
345 1816 450 1866 obnoxiae,
464 1832 530 1873 quum
546 1831 603 1873 saepe
619 1817 654 1858 vix
670 1817 698 1859 ad
713 1817 817 1873 liquidum

100 1886 188 1943 perduci
199 1886 268 1943 possit
278 1900 389 1943 quousque
399 1886 469 1943 poetis
480 1887 501 1928 in
512 1891 629 1944 augmento
644 1891 733 1943 propter
743 1887 817 1943 hujus-

100 1956 159 2000 modi
170 1972 257 2000 caussas
268 1956 388 1999 omittendo
401 1957 518 2013 procedere
529 1957 641 2013 placuerit.
673 1956 748 2000 Tertia
759 1958 817 2000 deni-

101 2042 143 2083 que
152 2026 210 2070 ratio
221 2027 248 2068 ad
259 2031 319 2069 certa
330 2026 429 2082 quaedam
440 2028 506 2069 verba
518 2026 613 2083 pertinet
624 2028 651 2069 ab
662 2027 816 2083 antiquissimis

100 2096 170 2153 poetis
186 2101 282 2153 accepta,
300 2110 390 2152 quorum
408 2110 447 2137 nec
461 2095 541 2138 formas
559 2100 645 2137 mutare
661 2110 700 2137 nec
717 2100 816 2153 tempora

100 2168 133 2210 vel
143 2167 218 2209 modos
226 2181 269 2208 non
277 2165 371 2209 usitatos
380 2165 462 2223 fingere
473 2165 586 2208 voluerunt
597 2165 728 2223 posteriores
738 2171 815 2223 poetae.

101 2237 136 2279 Ex
154 2252 196 2293 quo
216 2251 294 2293 genere
315 2237 404 2278 verbum
422 2240 507 2289 στεῦμοι
527 2241 567 2286 est,
586 2236 647 2292 cujus
665 2235 713 2278 duae
729 2240 816 2278 tantum

99 2308 175 2351 formae
190 2311 284 2359 exstant,
295 2307 362 2349 tertia
375 2320 468 2364 persona
483 2306 596 2362 praesentis
612 2321 701 2349 numero
712 2305 816 2363 singulari

100 2381 181 2420 στεῦται
192 2382 214 2420 et
224 2376 343 2434 imperfecti
355 2376 447 2426 στεῦτο5,
459 2391 501 2418 non
516 2379 610 2419 ἐστεῦτο;
626 2377 683 2418 unde
694 2377 775 2418 factum
791 2386 816 2419 ut

124 2521 135 2540 ἃ
148 2515 177 2551 Sic
187 2515 295 2562 ll.14‚347.
308 2521 355 2551 rece
368 2515 423 2562 script
423 2527 455 2550 um
463 2514 552 2551 τοῖσιδ
543 2530 577 2551 vrso
571 2515 633 2561 χθὼν
642 2516 670 2551 δῖα
678 2514 723 2561 φύεν
731 2514 815 2559 νεοθηλέα

101 2562 164 2617 ποίην,
166 2575 204 2598 non
213 2563 234 2598 δῖ
244 2564 303 2618 ἔφυεν,
312 2575 350 2598 non
362 2564 422 2598 solum
430 2568 503 2609 propter
511 2575 599 2598 caesuram
607 2578 650 2598 κατα
658 2577 717 2608 τριτον
725 2577 814 2609 τροχαιον

101 2610 159 2646 sedet
141 2611 195 2646 etiam
204 2612 246 2658 quia
254 2610 362 2658 adjectivum
375 2611 403 2646 δῖα
416 2612 489 2657 plenum
503 2610 561 2646 audiri
574 2623 628 2665 quam
641 2611 715 2646 alteram
728 2610 815 2657 syllabam

101 2664 199 2705 augmento
207 2658 300 2695 absorberi
307 2664 362 2705 praest
355 2659 411 2695 t.abat
437 2657 492 2697 Quod
501 2670 538 2694 non
547 2658 606 2694 cadit'
587 2664 641 2694 tm
629 2658 712 2694 voculam
721 2658 779 2705 qualis
788 2665 815 2693 est

101 2705 126 2748 δέ,
135 2706 215 2742 velutll.
226 2719 247 2742 22
249 2718 301 2754 ,.294
310 2706 447 2743 ubilibrirecte
456 2703 571 2752 Δηΐφοβονδ’
581 2707 644 2748 ἐκάλει,
653 2718 690 2741 non
699 2706 718 2741 δὲ
728 2707 781 2741 κάλει.

125 2751 135 2777 5
148 2753 244 2790 Praesentis
252 2766 329 2801 persona
340 2755 398 2801 prima
406 2756 485 2800 στεῦμοι,
494 2765 535 2800 quae
544 2766 593 2790 nune
604 2753 682 2800 legitur'
677 2765 696 2789 m
706 2753 774 2799 Orphei
784 2752 813 2788 Li-

101 2799 180 2836 tbicisv.
189 2802 218 2837 82
228 2802 250 2837 ab
261 2802 366 2838 Hermanno
375 2802 451 2837 fictat
424 2807 456 2837 est.

451 2875 462 2902 O
