1936 3053
145 127 196 171 xviii
408 130 607 175 PRAEFATIO.

144 238 256 292 -ἑστήκει
271 239 293 281 in
309 243 379 289 textu,
395 240 407 292 ἡ
423 241 440 282 δ’
451 241 622 293 ἐκύει-εἱστήκει
638 241 659 283 in
675 257 743 299 marg.
755 258 768 286 a
782 257 863 286 111100.

144 309 195 364 363.
207 310 278 364 όρνυτο
290 309 346 367 (sio),
357 324 401 353 non
412 308 487 364 ὤρνυτο
557 313 607 367 376.
619 329 642 354 τα
652 310 686 369 δε]
697 313 743 356 τόδε
812 328 862 372 391.

145 388 170 455 {i
178 389 267 468 κορυφῆςι
280 412 301 469 (i.
313 428 331 455 e.
343 414 366 456 ἐν
376 414 474 471 κορυφῇς)
561 429 612 468 401.
622 416 717 472 ἡνιοχῆα]
728 417 825 473 ἡνιοχῆας
834 432 864 460 m.

143 516 219 558 remia
229 530 298 574 marg.
374 530 424 572 402.
436 494 544 560 rffflviroira
618 496 760 576 415.θέοδμεν

146 598 148 604 ·
172 590 197 636 T,
204 599 240 642 30.
251 587 372 640 ὑπερμόροι,
381 586 418 644 qui
428 590 530 629 accentus
541 586 623 630 indicat
633 589 682 641 ὑπὲρ
693 590 756 643 μόρον
828 601 862 648 37.

144 690 221 746 ᾶραιαι]
233 692 303 744 ἀραιαί
338 700 374 745 54.
383 665 502 743 ὀτρύνδιντες
538 691 572 732 60.
583 667 653 735 τόλὲις
690 692 723 749 85.
733 694 859 750 πολεμιζειν]

143 758 273 826 πτολεμίξειν
345 760 393 816 138.
410 759 620 815 ἄρχωισι(αι1ηῑίοία
630 759 750 817 adscripto)
814 763 862 816 178.

143 829 153 844 (ζ

144 853 236 895 ἐπελθὼν
322 865 370 895 201.
387 854 509 905 δειδίξεσθαι
594 864 642 909 215.
660 829 691 895 αδρ
699 853 711 896 i.
724 868 742 896 e.
759 855 784 896 αδ
799 858 822 897 οδ
837 854 862 909 ιῖρ

254 921 267 947 ὁ.

144 956 194 998 228.
205 958 238 997 ὅτε
248 931 287 1009 μηὲν
375 968 424 1011 247.
437 956 560 1010 ἑκατόζυγος,
573 955 610 997 sed
620 970 688 1013 marg.
699 972 713 1000 a
722 972 751 1000 m.
762 972 805 1000 reo.
818 960 863 1000 ἑκα-

143 1027 237 1081 τόνζυγος
326 1038 375 1082 255.
386 1025 463 1075 πολλά,
474 1025 499 1067 τά
509 1043 538 1075 τε,
549 1026 587 1068 sed
597 1041 672 1084 margo
683 1042 697 1069 α
707 1042 735 1070 m.
746 1042 789 1070 reo.
800 1026 862 1070 πόλλ’

143 1096 190 1139 ἐτεά
268 1095 318 1151 287.
334 1095 410 1151 οἶοι-]
429 1094 550 1139 λίοιειιαια
565 1110 594 1138 m.
609 1110 652 1139 reo.
667 1096 735 1140 habet
750 1096 773 1139 in
790 1112 862 1155 marg.

144 1198 192 1254 308.
203 1198 236 1240 καὶ
246 1171 323 1240 ίίαιδων
333 1170 411 1248 ίταῖδες,
422 1197 459 1239 ubi
473 1196 557 1239 lineolae
568 1197 665 1239 indicant
675 1199 862 1254 oransponendum

142 1282 189 1309 esse
199 1268 232 1310 καὶ
242 1271 313 1311 παῖδες
323 1269 407 1317 παίδων,
419 1273 445 1309 ut
456 1271 490 1309 est.
500 1266 522 1308 in
532 1267 633 1310 lemmate
645 1267 726 1310 scholii.
811 1283 862 1327 3¹7·

141 1336 237 1415 δαιομένη
249 1336 320 1402 δαίωσι
405 1372 455 1416 335.
469 1359 599 1413 συμβλήσεαι
613 1359 637 1401 in
651 1363 722 1410 textu,
734 1359 863 1414 ξυμβλήσεαι

141 1452 217 1495 margo
228 1453 242 1480 ο
251 1452 279 1480 m.
291 1452 333 1480 ree.
355 1436 474 1494 [Soloeoum
484 1442 518 1481 est
530 1439 666 1492 συμβλήσεαι,
678 1440 735 1496 quod
747 1441 863 1494 ουμβλήεαι

142 1507 208 1551 scribi
223 1508 324 1556 debebat,
336 1512 361 1549 ut
371 1507 466 1550 oonrexit
484 1506 509 1549 L.
519 1506 645 1549 Dindorfius
660 1508 683 1550 in
699 1509 810 1551 Thesauro
821 1511 861 1553 vol.

143 1590 163 1621 2.
179 1593 201 1635 p.
213 1578 258 1636 αα]
349 1590 400 1634 342.
418 1577 489 1629 ἔξιδεν,
505 1577 544 1619 sed
561 1591 589 1619 m.
607 1592 650 1620 reo.
667 1578 689 1620 in
709 1592 779 1636 marg.
796 1579 862 1632 ἔξιδεν

142 1649 192 1704 346,
216 1651 251 1689 τῶι
271 1646 286 1689 δ’
309 1646 393 1702 ἐφέηκα,
417 1646 454 1688 sed
478 1661 507 1689 m.
529 1661 571 1688 reo.
592 1647 615 1688 in
640 1662 709 1703 marg.
730 1652 765 1689 τῶι
785 1649 863 1702 ἐφέηκα

142 1760 192 1807 355.
204 1727 246 1794 8νῇ
314 1753 365 1807 363.
377 1725 434 1803 ἕλθιδι
502 1749 551 1806 382.
563 1726 643 1804 πρῶτοί)
708 1760 759 1805 447.
770 1750 817 1793 ἀλλ’
828 1751 862 1795 ὅτε

142 1819 206 1875 δὴ-]
224 1819 283 1861 Huic
297 1819 368 1862 versui
383 1819 497 1876 praefixum
512 1818 598 1875 signum
613 1820 679 1875 Mai)
690 1819 811 1862 Villoisono
821 1835 861 1877 pro

142 1893 215 1942 διπλῆς
225 1889 285 1947 signo
296 1891 427 1947 acceptum),
437 1889 472 1931 oui
482 1887 539 1930 idem
554 1890 672 1947 respondeo
683 1890 706 1932 in
716 1889 813 1947 margine
823 1906 861 1947 po-

142 1958 209 2001 situm
219 1974 268 2001 oum
278 1960 320 2003 hoo
330 1958 457 2001 recentioris
468 1973 545 2001 manus
555 1959 703 2010 annotatione,
713 1973 778 2016 quam
785 1958 861 2002 Villoi-

141 2044 207 2071 sonus
221 2030 250 2072 ad
266 2045 285 2072 ν.
298 2043 348 2085 451.
364 2028 457 2078 rettulit,
473 2029 496 2071 ἓν
513 2029 585 2073 ἄλλοις
601 2030 612 2071 ὁ
625 2030 695 2084 στίχος
711 2029 768 2073 οὗτος
783 2029 806 2071 οὗ
822 2034 860 2073 κεῖ-

140 2115 179 2140 ται.
266 2110 317 2154 450.
340 2099 440 2153 ἐρύσσατο
460 2102 483 2139 σί
499 2096 522 2139 in
541 2112 610 2155 marg.
628 2113 642 2140 α
658 2112 687 2140 m.
706 2111 748 2140 reo.
768 2098 860 2152 ἐρύσατο.

139 2201 190 2250 468.
201 2202 289 2256 χειρεσι]
303 2202 399 2256 χείρεσσι
458 2213 509 2254 471.
521 2176 636 2253 ἐνέπλησεν
695 2200 745 2254 487.
755 2202 858 2257 ἇρηϊθοον]

141 2269 235 2324 ἇρηίθεον

170 2343 196 2390 Φ,
208 2355 229 2392 4.
243 2339 302 2392 ἣιπερ
313 2340 382 2394 ἀχαιοὶ
392 2339 414 2381 in
425 2343 495 2388 texou,
507 2337 578 2381 sedin
589 2353 657 2394 marg.
668 2339 696 2381 ab
707 2338 784 2380 eedem
793 2354 858 2381 manu

139 2427 172 2463 γρ.
187 2408 207 2464 [i.
219 2424 237 2451 e.
249 2409 359 2464 γραπτέον)
370 2408 428 2462 ἧιτιερ
440 2409 459 2449 οἱ
469 2410 530 2450 ἄλλοι
607 2419 641 2464 25.
654 2410 724 2458 δινοῖο,
736 2407 774 2449 sed
784 2411 858 2451 δεινοῖο

139 2478 161 2519 in
171 2493 240 2535 marg.
252 2494 266 2521 a
276 2493 304 2520 m.
315 2493 358 2520 reo.
430 2489 464 2532 74.
476 2477 537 2528 αἰδέο,
550 2477 587 2518 sed
598 2491 626 2518 m.
637 2491 680 2518 reo.
691 2476 713 2518 in
723 2491 791 2533 marg.
804 2478 858 2520 αἴδεο

466 2556 475 2572 1¹

142 2594 190 2637 133.
201 2581 235 2638 ὡς]
247 2583 273 2625 ὣς
347 2594 395 2637 150.
407 2581 474 2624 ἀντίος
546 2593 594 2635 155.
604 2581 696 2628 παιόνας,
707 2583 732 2620 ut
742 2578 803 2631 solet,
814 2594 858 2621 non

140 2651 224 2695 παίονας
284 2650 338 2705 ἔχων
348 2650 370 2692 in
381 2654 451 2699 textu,
463 2650 519 2703 ἄγων
529 2662 596 2705 marg.
607 2662 650 2690 ree.
756 2649 803 2691 160.
814 2651 856 2703 γεί-

140 2721 212 2760 νεσθαι
222 2718 244 2760 in
255 2723 325 2768 term,
336 2720 444 2773 γείνασθαι
453 2732 522 2774 marg.
532 2731 574 2759 reo.
637 2717 686 2759 180,
697 2715 742 2773 μιν]
754 2721 793 2771 ψιν
804 2716 855 2773 (sic)

260 2809 280 2825 ων
442 2809 450 2824 Τ
606 2807 613 2823 Ε

142 2834 190 2874 182.
201 2834 289 2887 ὀρούσας
361 2843 408 2889 195.
420 2834 465 2874 οὐδε
541 2844 589 2887 234.
601 2829 686 2883 ἀπαΐξας
759 2843 856 2886 247,πε-
